@article{anderson2005dewey,
  title =        {Dewey’s moral philosophy},
  author =       {Anderson, Elizabeth},
  year =         2005
}

@article{serra2010and,
  title =        {What Is and What Should Pragmatic Ethics Be?. Some Remarks on
                  Recent Scholarship},
  author =       {Serra, Juan Pablo},
  journal =      {European journal of pragmatism and American philosophy},
  volume =       2,
  number =       {II-2},
  year =         2010,
  publisher =    {Associazione Pragma}
}

@article{lafollette1999pragmatic,
  title =        {Pragmatic ethics},
  author =       {LaFollette, Hugh},
  year =         1999
}

@article{keulartz2002pragmatism,
  title =        {Pragmatism in action},
  author =       {Keulartz, Jozef and Korthals, Michiel and Schermer, Maartje
                  and Swierstra, Tsjalling},
  journal =      {Pragmatist ethics for a technological culture},
  pages =        {247--264},
  year =         2002,
  publisher =    {Springer}
}

@inproceedings{liszka2005pragmatic,
  title =        {What is Pragmatic Ethics?},
  author =       {Liszka, James},
  booktitle =    {Society for the Advancement of American Philosophy, 32th
                  Annual Meeting},
  year =         2005
}

@article{forcehimes2015lw,
  title =        {On LW Sumner’s “Normative ethics and metaethics”},
  author =       {Forcehimes, Andrew T},
  journal =      {Ethics},
  volume =       125,
  number =       4,
  pages =        {1142--1144},
  year =         2015,
  publisher =    {University of Chicago Press Chicago, IL}
}

@article{korsgaard2005fellow,
  title =        {Fellow creatures: Kantian ethics and our duties to animals},
  author =       {Korsgaard, Christine M},
  journal =      {Tanner Lectures on Human Values},
  volume =       25,
  pages =        77,
  year =         2005,
  publisher =    {University of Utah Press}
}

@article{awad2020universals,
  title =        {Universals and variations in moral decisions made in 42
                  countries by 70,000 participants},
  author =       {Awad, Edmond and Dsouza, Sohan and Shariff, Azim and Rahwan,
                  Iyad and Bonnefon, Jean-Fran{\c{c}}ois},
  journal =      {Proceedings of the National Academy of Sciences},
  volume =       117,
  number =       5,
  pages =        {2332--2337},
  year =         2020,
  publisher =    {National Academy of Sciences}
}

@article{sumner1967normative,
  title =        {Normative ethics and metaethics},
  author =       {Sumner, Leonard Wayne},
  journal =      {Ethics},
  volume =       77,
  number =       2,
  pages =        {95--106},
  year =         1967,
  publisher =    {University of Chicago Press}
}
