@article{bassett2017step,
  title =        {Step counting: a review of measurement considerations and
                  health-related applications},
  author =       {Bassett, David R and Toth, Lindsay P and LaMunion, Samuel R
                  and Crouter, Scott E},
  journal =      {Sports Medicine},
  volume =       47,
  pages =        {1303--1315},
  year =         2017,
  publisher =    {Springer}
}

@article{luu2022accurate,
  title =        {Accurate step count with generalized and personalized deep
                  learning on accelerometer data},
  author =       {Luu, Long and Pillai, Arvind and Lea, Halsey and Buendia,
                  Ruben and Khan, Faisal M and Dennis, Glynn},
  journal =      {Sensors},
  volume =       22,
  number =       11,
  pages =        3989,
  year =         2022,
  publisher =    {MDPI}
}

@article{ducharme2021transparent,
  title =        {A transparent method for step detection using an acceleration
                  threshold},
  author =       {Ducharme, Scott W and Lim, Jongil and Busa, Michael A and
                  Aguiar, Elroy J and Moore, Christopher C and Schuna, John M
                  and Barreira, Tiago V and Staudenmayer, John and Chipkin,
                  Stuart R and Tudor-Locke, Catrine},
  journal =      {Journal for the measurement of physical behaviour},
  volume =       4,
  number =       4,
  pages =        {311--320},
  year =         2021,
  publisher =    {Human Kinetics}
}

@inproceedings{abadleh2017step,
  title =        {Step detection algorithm for accurate distance estimation
                  using dynamic step length},
  author =       {Abadleh, Ahmad and Al-Hawari, Eshraq and Alkafaween, Esra'a
                  and Al-Sawalqah, Hamad},
  booktitle =    {2017 18th IEEE international conference on mobile data
                  management (MDM)},
  pages =        {324--327},
  year =         2017,
  organization = {IEEE}
}

@article{simonsen2020validation,
  title =        {Validation of different stepping counters during treadmill and
                  over ground walking},
  author =       {Simonsen, Morten Bilde and Thomsen, Mikkel Jacobi and Hirata,
                  Rogerio Pessoto},
  journal =      {Gait \& Posture},
  volume =       80,
  pages =        {80--83},
  year =         2020,
  publisher =    {Elsevier}
}

@article{ngueleu2019validity,
  title =        {Validity of instrumented insoles for step counting, posture
                  and activity recognition: a systematic review},
  author =       {Ngueleu, Armelle M and Blanchette, Andr{\'e}anne K and
                  Maltais, D{\'e}sir{\'e}e and Moffet, H{\'e}l{\`e}ne and
                  McFadyen, Bradford J and Bouyer, Laurent and Batcho, Charles
                  S},
  journal =      {Sensors},
  volume =       19,
  number =       11,
  pages =        2438,
  year =         2019,
  publisher =    {MDPI}
}

@article{mahoney2018design,
  title =        {Design and validation of a simple automated optical step
                  counting method for treadmill walking},
  author =       {Mahoney, Joseph M and Scalyer, Zackery E and Rhudy, Matthew B},
  journal =      {Journal of medical engineering \& technology},
  volume =       42,
  number =       6,
  pages =        {468--474},
  year =         2018,
  publisher =    {Taylor \& Francis}
}

@article{yuan2024self,
  title =        {Self-supervised learning for human activity recognition using
                  700,000 person-days of wearable data},
  author =       {Yuan, Hang and Chan, Shing and Creagh, Andrew P and Tong,
                  Catherine and Acquah, Aidan and Clifton, David A and Doherty,
                  Aiden},
  journal =      {NPJ digital medicine},
  volume =       7,
  number =       1,
  pages =        91,
  year =         2024,
  publisher =    {Nature Publishing Group UK London}
}

@misc{Health_2025,
  title =        {Publications},
  url =          {https://modushealth.com/publications/},
  journal =      {Modus Health},
  author =       {Health, Modus},
  year =         2025
}

@article{maylor2022stepping,
  title =        {Stepping towards more intuitive physical activity metrics with
                  wrist-worn accelerometry: validity of an open-source
                  step-count algorithm},
  author =       {Maylor, Benjamin D and Edwardson, Charlotte L and Dempsey,
                  Paddy C and Patterson, Matthew R and Plekhanova, Tatiana and
                  Yates, Tom and Rowlands, Alex V},
  journal =      {Sensors},
  volume =       22,
  number =       24,
  pages =        9984,
  year =         2022,
  publisher =    {MDPI}
}

@article{karas2021adaptive,
  title =        {Adaptive empirical pattern transformation (ADEPT) with
                  application to walking stride segmentation},
  author =       {Karas, Marta and Straczkiewicz, Marcin and Fadel, William and
                  Harezlak, Jaroslaw and Crainiceanu, Ciprian M and Urbanek,
                  Jacek K},
  journal =      {Biostatistics},
  volume =       22,
  number =       2,
  pages =        {331--347},
  year =         2021,
  publisher =    {Oxford University Press}
}

@article{straczkiewicz2023one,
  title =        {A “one-size-fits-most” walking recognition method for
                  smartphones, smartwatches, and wearable accelerometers},
  author =       {Straczkiewicz, Marcin and Huang, Emily J and Onnela,
                  Jukka-Pekka},
  journal =      {NPJ Digital Medicine},
  volume =       6,
  number =       1,
  pages =        29,
  year =         2023,
  publisher =    {Nature Publishing Group UK London}
}

@article{small2023development,
  title =        {Development and validation of a machine learning wrist-worn
                  step detection algorithm with deployment in the UK Biobank},
  author =       {Small, Scott R and Chan, Shing and Walmsley, Rosemary and von
                  Fritsch, Lennart and Acquah, Aidan and Mertes, Gert and
                  Feakins, Benjamin G and Creagh, Andrew and Strange, Adam and
                  Matthews, Charles E and others},
  journal =      {MedRxiv},
  year =         2023
}

@article{straczkiewicz2023open,
  title =        {Open-source, step-counting algorithm for smartphone data
                  collected in clinical and nonclinical settings: algorithm
                  development and validation study},
  author =       {Straczkiewicz, Marcin and Keating, Nancy L and Thompson,
                  Embree and Matulonis, Ursula A and Campos, Susana M and
                  Wright, Alexi A and Onnela, Jukka-Pekka and others},
  journal =      {JMIR cancer},
  volume =       9,
  number =       1,
  pages =        {e47646},
  year =         2023,
  publisher =    {JMIR Publications Inc., Toronto, Canada}
}

@article{femiano2022validation,
  title =        {Validation of open-source step-counting algorithms for
                  wrist-worn tri-axial accelerometers in cardiovascular
                  patients},
  author =       {Femiano, Riccardo and Werner, Charlotte and Wilhelm, Matthias
                  and Eser, Prisca},
  journal =      {Gait \& posture},
  volume =       92,
  pages =        {206--211},
  year =         2022,
  publisher =    {Elsevier}
}

@inproceedings{brondin2020open,
  title =        {Open source step counter algorithm for wearable devices},
  author =       {Brondin, Anna and Nordstr{\"o}m, Marcus and Olsson, Carl
                  Magnus and Salvi, Dario},
  booktitle =    {Companion Proceedings of the 10th International Conference on
                  the Internet of Things},
  pages =        {1--7},
  year =         2020
}

@article{migueles2019ggir,
  title =        {GGIR: a research community--driven open source R package for
                  generating physical activity and sleep outcomes from multi-day
                  raw accelerometer data},
  author =       {Migueles, Jairo H and Rowlands, Alex V and Huber, Florian and
                  Sabia, S{\'e}verine and van Hees, Vincent T},
  journal =      {Journal for the Measurement of Physical Behaviour},
  volume =       2,
  number =       3,
  pages =        {188--196},
  year =         2019,
  publisher =    {Human Kinetics}
}

@article{small2022oxwalk,
  title =        {OxWalk: Wrist and hip-based activity tracker dataset for
                  free-living step detection and gait recognition},
  author =       {Small, SR and von Fritsch, L and Doherty, A and Khalid, S and
                  Price, A},
  year =         2022,
  publisher =    {University of Oxford}
}

@article{madgwick2010efficient,
  title =        {An efficient orientation filter for inertial and
                  inertial/magnetic sensor arrays},
  author =       {Madgwick, Sebastian OH and others},
  year =         2010
}

@techreport{mcgee1985discovery,
  title =        {Discovery of the Kalman filter as a practical tool for
                  aerospace and industry},
  author =       {McGee, Leonard A and Schmidt, Stanley F},
  year =         1985
}

@book{smith1962application,
  title =        {Application of statistical filter theory to the optimal
                  estimation of position and velocity on board a circumlunar
                  vehicle},
  author =       {Smith, Gerald L and Schmidt, Stanley F and McGee, Leonard A},
  volume =       135,
  year =         1962,
  publisher =    {National Aeronautics and Space Administration}
}

@article{mcelhoe1966assessment,
  title =        {An assessment of the navigation and course corrections for a
                  manned flyby of mars or venus},
  author =       {McElhoe, Bruce A},
  journal =      {IEEE Transactions on Aerospace and Electronic Systems},
  number =       4,
  pages =        {613--623},
  year =         1966,
  publisher =    {IEEE}
}

@misc{Hub_2025,
  title =        {The Healthy 365 App},
  url =          {https://www.healthhub.sg/programmes/healthyliving},
  journal =      {HealthHub},
  author =       {Hub, Health},
  year =         2025,
  month =        {Apr}
}

@misc{Fusion_2025,
  title =        {How it works step count challenge},
  url =          {https://www.stepcount.org.uk/how-it-works},
  journal =      {How It Works Step Count Challenge},
  author =       {Fusion, Tay},
  year =         2025,
  month =        {Apr}
}

@misc{Hub_2023,
  title =        {Corporate challenge: Steps and initiatives},
  url =
                  {https://www.healthhub.sg/live-healthy/corporate-challenge-steps-and-initiatives},
  journal =      {HealthHub},
  author =       {Hub, Health},
  year =         2023,
  month =        {Mar}
}

@misc{Hub_2025a,
  title =        {National Steps Challenge},
  url =          {https://www.healthhub.sg/programmes/nsc/corporate-challenge},
  journal =      {HealthHub},
  author =       {Hub, Health},
  year =         2025,
  month =        {Apr}
}

@misc{Org_2025c,
  title =        {10,000 steps for workplaces},
  url =
                  {https://www.10000steps.org.au/support/general-support-organisations/getting-started-workplaces/},
  journal =      {10,000 Steps},
  author =       {Org, Steps},
  year =         2025,
  month =        {Apr}
}

@article{kraus2019daily,
  title =        {Daily step counts for measuring physical activity exposure and
                  its relation to health},
  author =       {Kraus, William E and Janz, Kathleen F and Powell, Kenneth E
                  and Campbell, Wayne W and Jakicic, John M and Troiano, Richard
                  P and Sprow, Kyle and Torres, Andrea and Piercy, Katrina L and
                  2018 Physical Activity Guidelines Advisory Committee and
                  others},
  journal =      {Medicine and science in sports and exercise},
  volume =       51,
  number =       6,
  pages =        1206,
  year =         2019
}

@misc{Miraglia_2024,
  title =        {EQ Frequency Chart: The ultimate EQ cheat sheets (2024)},
  url =          {https://unison.audio/eq-frequency-chart/},
  journal =      {Unison},
  author =       {Miraglia, Dustin},
  year =         2024,
  month =        {Jan}
}

@misc{Benediktsson_2024,
  title =        {EQ Cheatsheet - The only EQ Chart you’ll ever need for your
                  mix},
  url =
                  {https://www.audio-issues.com/music-mixing/all-the-eq-information-youll-ever-need/},
  journal =      {Audio Issues},
  author =       {Benediktsson, Björgvin},
  year =         2024,
  month =        {Dec}
}

@misc{Travels_2019,
  title =        {r/audioengineering on reddit: Attn: Amateur/Novice Mixers: The
                  Only EQ Chart you’ll ever need for mixing.},
  url =
                  {https://www.reddit.com/r/audioengineering/comments/b6ki5i/attn_amateurnovice_mixers_the_only_eq_chart_youll/},
  journal =      {Reddit},
  author =       {Travels, Buefos},
  year =         2019,
  month =        {Mar}
}
