@misc{Warren_Brandeis_1890,
  url =          {https://faculty.uml.edu/sgallagher/Brandeisprivacy.htm},
  journal =      {Right to privacy},
  author =       {Warren, Samuel D. and Brandeis, Louis D.},
  year =         1890,
  month =        {Dec}
}

@misc{EU_2024,
  title =        {Cookies, the GDPR, and the ePrivacy directive},
  url =          {https://gdpr.eu/cookies/},
  journal =      {GDPR.eu},
  author =       {EU},
  year =         2024,
  month =        {Aug}
}

@misc{Kaur_2023,
  title =        {After years of dominating facial recognition tech, China is
                  ready to govern it},
  url =
                  {https://techwireasia.com/2023/08/facial-recognition-tech-in-china-will-soon-be-governed/},
  journal =      {Tech Wire Asia},
  author =       {Kaur, Dashveenjit},
  year =         2023,
  month =        {Aug}
}

@misc{Staff_2013,
  title =        {The week at a glance...international},
  url =          {https://theweek.com/articles/468149/week-glanceinternational},
  journal =      {theweek},
  publisher =    {The Week},
  author =       {Staff, The Week},
  year =         2013,
  month =        {Jan}
}

@misc{Wikipedia_2024,
  title =        {List of Chinese dissidents},
  url =          {https://en.wikipedia.org/wiki/List_of_Chinese_dissidents},
  journal =      {Wikipedia},
  publisher =    {Wikimedia Foundation},
  author =       {Wikipedia},
  year =         2024,
  month =        {Nov}
}

@misc{Liptak_2017,
  title =        {Tesla extended the range of some Florida vehicles for drivers
                  to escape Hurricane Irma},
  url =
                  {https://www.theverge.com/2017/9/10/16283330/tesla-hurricane-irma-update-florida-extend-range-model-s-x-60-60d},
  journal =      {The Verge},
  publisher =    {The Verge},
  author =       {Liptak, Andrew},
  year =         2017,
  month =        {Sep}
}

@misc{Statt_2020,
  title =        {Tesla remotely disables autopilot on used Model S after it was
                  sold},
  url =
                  {https://www.theverge.com/2020/2/6/21127243/tesla-model-s-autopilot-disabled-remotely-used-car-update},
  journal =      {The Verge},
  publisher =    {The Verge},
  author =       {Statt, Nick},
  year =         2020,
  month =        {Feb}
}

@misc{Tangermann_2022,
  title =        {Tesla cuts car's range by 30%, demands $4,500 to get it back},
  url =          {https://futurism.com/tesla-range-reduce-remote},
  journal =      {Futurism},
  publisher =    {Futurism},
  author =       {Tangermann, Victor},
  year =         2022,
  month =        {Jul}
}

@misc{Porter_2022,
  title =        {PlayStation Store removes purchased movies from libraries
                  after Service Shutdown},
  url =
                  {https://www.theverge.com/2022/7/8/23199861/playstation-store-film-tv-show-removed-austria-germany-studiocanal},
  journal =      {The Verge},
  publisher =    {The Verge},
  author =       {Porter, Jon},
  year =         2022,
  month =        {Jul}
}

@misc{Niemeyer_2023,
  title =        {PlayStation is removing hundreds of discovery shows that users
                  already purchased},
  url =
                  {https://www.businessinsider.com/playstation-removes-hundreds-of-purchased-discovery-shows-from-library-2023-12},
  journal =      {Business Insider},
  publisher =    {Business Insider},
  author =       {Niemeyer, Kenneth},
  year =         2023,
  month =        {Dec}
}

@misc{Bartz_2023,
  title =        {Amazon's ring used to spy on customers, FTC says in privacy
                  settlement | Reuters},
  url =
                  {https://www.reuters.com/legal/us-ftc-sues-amazoncoms-ring-2023-05-31/},
  journal =      {Reuters},
  author =       {Bartz, Diane},
  year =         2023,
  month =        {May}
}

@misc{Stecklow_Cunningham_Jin_2023,
  title =        {Tesla workers shared sensitive images recorded by customer
                  cars | Reuters},
  url =
                  {https://www.reuters.com/technology/tesla-workers-shared-sensitive-images-recorded-by-customer-cars-2023-04-06/},
  journal =      {Reuters},
  author =       {Stecklow, Steve and Cunningham, Waylon and Jin, Hyunjoo},
  year =         2023,
  month =        {Apr}
}

@misc{Harding_2024,
  title =        {"Disgraceful": Messy TOS update allegedly locks Roku devices
                  until users give in},
  url =
                  {https://arstechnica.com/gadgets/2024/03/disgraceful-messy-tos-update-allegedly-locks-roku-devices-until-users-give-in/},
  journal =      {Ars Technica},
  author =       {Harding, Scharon},
  year =         2024,
  month =        {Mar}
}
