@misc{Society_2020,
  title =        {History of virtual reality},
  url =          {https://www.vrs.org.uk/virtual-reality/history.html},
  journal =      {Virtual Reality Society},
  author =       {Society, VR},
  year =         2020,
  month =        {Jan}
}

@misc{College_2016,
  title =        {Charles Wheatstone: The father of 3D and Virtual Reality
                  Technology},
  url =
                  {https://www.kcl.ac.uk/charles-wheatstone-the-father-of-3d-and-virtual-reality-technology-2},
  journal =      {Feature from King’s College London},
  author =       {College, King’s},
  year =         2016,
  month =        {Oct}
}

@misc{Lazarus_2021,
  title =        {3D vision is more important than you think},
  url =
                  {https://www.optometrists.org/vision-therapy/vision-therapy-for-lazy-eye/7-signs-your-child-might-have-a-lazy-eye/stereopsis-more-than-3d-vision/},
  journal =      {Optometrists.org},
  author =       {Lazarus, Russel},
  year =         2021,
  month =        {Jul}
}

@misc{Wikipedia_2024,
  title =        {Aspen Movie Map},
  url =          {https://en.wikipedia.org/wiki/Aspen_Movie_Map},
  journal =      {Wikipedia},
  publisher =    {Wikimedia Foundation},
  author =       {Wikipedia},
  year =         2024,
  month =        {Jul}
}

@misc{Foundation_2023,
  title =        {USC HMH Foundation Moving Image Archive " Morton Heilig :
                  Inventor VR},
  url =          {https://hmharchive.com/morton-heilig-inventor-vr/},
  journal =      {USC HMH Foundation Moving Image Archive},
  author =       {Foundation, HMH},
  year =         2023,
  month =        {Jan}
}

@misc{Naimark_2016,
  title =        {Aspen Interactive Movie Map},
  url =          {https://www.youtube.com/watch?v=2Ytd12d6qNw},
  journal =      {YouTube},
  publisher =    {YouTube},
  author =       {Naimark, Michael},
  year =         2016,
  month =        {Feb}
}

@article{kavanagh2017systematic,
  title =        {A systematic review of virtual reality in education},
  author =       {Kavanagh, Sam and Luxton-Reilly, Andrew and Wuensche, Burkhard
                  and Plimmer, Beryl},
  journal =      {Themes in science and technology education},
  volume =       10,
  number =       2,
  pages =        {85--119},
  year =         2017,
  publisher =    {Themes in Science and Technology Education}
}

@inproceedings{abdul2012desktop,
  title =        {A desktop virtual reality application for chemical and process
                  engineering education},
  author =       {Abdul Rahim, Elin and Duenser, Andreas and Billinghurst, Mark
                  and Herritsch, Alfred and Unsworth, Keith and Mckinnon, Alan
                  and Gostomski, Peter},
  booktitle =    {Proceedings of the 24th Australian computer-human interaction
                  conference},
  pages =        {1--8},
  year =         2012
}

@article{sun20103,
  title =        {A 3-D virtual reality model of the sun and the moon for
                  e-learning at elementary schools},
  author =       {Sun, Koun-Tem and Lin, Ching-Ling and Wang, Sheng-Min},
  journal =      {International Journal of Science and Mathematics Education},
  volume =       8,
  pages =        {689--710},
  year =         2010,
  publisher =    {Springer}
}

@inproceedings{wei2013fixed,
  title =        {Fixed-wing aircraft interactive flight simulation and training
                  system based on XNA},
  author =       {Wei, Wang and Dongsheng, Li and Chun, Liu},
  booktitle =    {2013 International Conference on Virtual Reality and
                  Visualization},
  pages =        {191--198},
  year =         2013,
  organization = {IEEE}
}

@inproceedings{sampaio2013virtual,
  title =        {Virtual Reality used as a learning technology: Visual
                  simulation of the construction of a bridge deck},
  author =       {Sampaio, A Zita and Viana, Lu{\'\i}s},
  booktitle =    {2013 8th Iberian Conference on Information Systems and
                  Technologies (CISTI)},
  pages =        {1--5},
  year =         2013,
  organization = {IEEE}
}

@article{martin2015augmented,
  title =        {Augmented reality to promote collaborative and autonomous
                  learning in higher education},
  author =       {Mart{\'\i}n-Guti{\'e}rrez, Jorge and Fabiani, Pe{\~n}a and
                  Benesova, Wanda and Meneses, Mar{\'\i}a Dolores and Mora,
                  Carlos E},
  journal =      {Computers in human behavior},
  volume =       51,
  pages =        {752--761},
  year =         2015,
  publisher =    {Elsevier}
}

@article{boyles2017virtual,
  title =        {Virtual reality and augmented reality in education},
  author =       {Boyles, Brian},
  journal =      {Center For Teaching Excellence, United States Military
                  Academy, West Point, Ny},
  volume =       67,
  year =         2017
}

@article{nolin2016clinicavr,
  title =        {ClinicaVR: Classroom-CPT: A virtual reality tool for assessing
                  attention and inhibition in children and adolescents},
  author =       {Nolin, Pierre and Stipanicic, Annie and Henry, Myl{\`e}ne and
                  Lachapelle, Yves and Lussier-Desrochers, Dany and Allain,
                  Philippe and others},
  journal =      {Computers in Human Behavior},
  volume =       59,
  pages =        {327--333},
  year =         2016,
  publisher =    {Elsevier}
}

@article{page2000brief,
  title =        {Brief history of flight simulation},
  author =       {Page, Ray L},
  journal =      {SimTecT 2000 proceedings},
  pages =        {11--17},
  year =         2000
}

@inproceedings{angeloni2012virtual,
  title =        {A Virtual Museum for Flemish artworks. A digital
                  reconstruction of Genoese collections},
  author =       {Angeloni, Ilaria and Bisio, Federica and De Gloria, Alessandro
                  and Mori, Daniele and Capurro, Carlotta and Magnani, Lauro},
  booktitle =    {2012 18th international conference on virtual systems and
                  multimedia},
  pages =        {607--610},
  year =         2012,
  organization = {IEEE}
}

@inproceedings{chang2014kinect,
  title =        {Kinect-based rehabilitation for young adults with cerebral
                  palsy participating in physical education programs in special
                  education school settings},
  author =       {Chang, Yao-Jen and Wang, Chang-Chieh and Luo, Yan-Siang and
                  Tsai, Yu-Chi},
  booktitle =    {EdMedia+ Innovate Learning},
  pages =        {792--795},
  year =         2014,
  organization = {Association for the Advancement of Computing in Education
                  (AACE)}
}
