@article{svensson2018emerging,
  title={The emerging 'Right to repair' legislation in the EU and the US},
  author={Svensson, Sahra and Richter, Jessika Luth and Maitre-Ekern, El{\'e}onore and Pihlajarinne, Taina and Maigret, Aline and Dalhammar, Carl},
  journal={Proceedings from Going Green--Care Innovation},
  pages={27--29},
  year={2018}
}

@incollection{gisonna2023a,
  author = {Gisonna, Nicholas},
  title = {Right to repair},
  date = {2023-08-23},
  url = {https://www.britannica.com/topic/right-to-repair},
  note = {Accessed 7 March 2024.},
  language = {en},
  booktitle = {Encyclopedia Britannica}
}

@misc{wikipedia2024repair,
  title = {Right to Repair},
  author = {Wikipedia, Wikimedia Foundation},
  date = {2024-03-07},
  url = {https://en.wikipedia.org/wiki/Right_to_repair},
  note = {Accessed 7 Mar. 2024.},
  language = {en}
}

@misc{Google_advertising,
  title={Advertising Policies Help, Other restricted businesses: Third-party consumer technical support}
  url={https://support.google.com/adspolicy/answer/13527027},
  journal={Google},
  publisher={Google},
  author={Google}
}

@misc{Rossmann_2023_Apple_withholds,
  title={Apple withholds calibration tool for sleep sensors on modern macbooks from independent repair shops},
  url={https://www.youtube.com/watch?v=RIFQC8iA65k},
  journal={YouTube},
  publisher={YouTube},
  author={Rossmann, Louis},
  year={2023},
  month={Mar}
}

@misc{Lerner_2022,
  title={Lawsuit.pdf},
  url={https://pdfhost.io/v/POwuAEK21_lawsuit},
  journal={PDF Host},
  publisher={Covington},
  author={Lerner, Jeffery H.},
  year={2022},
  month={Dec}
}

@misc{Jefferys_2022,
  title={Apples Self Repair Program is not what it seems},
  url={https://www.youtube.com/watch?v=SQbVuhwwd4s},
  journal={YouTube},
  publisher={YouTube},
  author={Jefferys, Hugh},
  year={2022},
  month={May}
}

@misc{Rossmann_2019_AppleIRP,
  title={Apple’s Independent Repair Program is a useless PR stunt.},
  url={https://www.youtube.com/watch?v=0rCUF-V1esM},
  journal={YouTube},
  publisher={YouTube},
  author={Rossmann,
  Louis},
  year={2019},
  month={Dec}
}

@misc{Rossmann_2020,
  title={Louis Rossmann dismantles Apple’s PR stunt “Repair program”},
  url={https://www.youtube.com/watch?v=rwgpTDluufY},
  journal={YouTube},
  publisher={YouTube},
  author={Rossmann, Louis},
  year={2020},
  month={Feb}
}

@misc{Clover_2020,
  title={Apple makes independent repair shops sign draconian contracts to get official parts},
  url={https://www.macrumors.com/2020/02/06/apple-independent-repair-shops-contracts/},
  journal={MacRumors},
  publisher={MacRumors},
  author={Clover, Juli},
  year={2020},
  month={Feb}
}

@misc{Stone_2020,
  title={Apple’s independent repair program is invasive to shops and their customers, contract shows},
  url={https://www.vice.com/en/article/qjdjnv/apples-independent-repair-program-is-invasive-to-shops-and-their-customers-contract-shows},
  journal={VICE},
  author={Stone, Maddie},
  year={2020},
  month={Feb}
}

@misc{Newsroom-JJ_2023,
  title={Samsung expands customer-first care experience with new self-repair program},
   url={https://news.samsung.com/us/samsung-self-repair-program-ifixit-customer-first-care-experience/},
  journal={Samsung US Newsroom},
  author={Newsroom-JJ, Samsung},
  year={2023},
  month={Jul}
}

@misc{Shakir_2022,
  title={Samsung is working on a galaxy self-repair program with iFixit},
  url={https://www.theverge.com/2022/3/31/23004309/samsung-self-repair-service-program-ifixit-right-to-repair-galaxy},
  journal={The Verge},
  publisher={The Verge},
  author={Shakir, Umar},
  year={2022},
  month={Mar}
}

@misc{Rossmann_2022_samsung,
  title={Samsung announces self-repair program: Surprise, it’s trash.},
  url={https://www.youtube.com/watch?v=MBsZHaGLF-Y},
  journal={YouTube},
  publisher={YouTube},
  author={Rossmann, Louis},
  year={2022},
  month={Apr}
}

@misc{Jefferys_2021,
  title={Samsung starts blocking 3rd party repairs? - galaxy A51 teardown and repair assessment},
  url={https://www.youtube.com/watch?v=zGLQ9ZRntZo},
  journal={YouTube},
  publisher={YouTube},
  author={Jefferys, Hugh},
  year={2021},
  month={Jan}
}

@misc{Parliament_2023,
  title={Circular economy: Definition, importance and benefits: Topics: European parliament},
  url={https://www.europarl.europa.eu/topics/en/article/20151201STO05603/circular-economy-definition-importance-and-benefits},
  journal={Topics | European Parliament},
  publisher={European Parliament},
  author={Parliament, European},
  year={2023},
  month={May}
}

@article{iacovidou2021systems,
  title={A systems thinking approach to understanding the challenges of achieving the circular economy},
  author={Iacovidou, Eleni and Hahladakis, John N and Purnell, Phil},
  journal={Environmental Science and Pollution Research},
  volume={28},
  pages={24785--24806},
  year={2021},
  publisher={Springer}
}

@article{kirchherr2017conceptualizing,
  title={Conceptualizing the circular economy: An analysis of 114 definitions},
  author={Kirchherr, Julian and Reike, Denise and Hekkert, Marko},
  journal={Resources, conservation and recycling},
  volume={127},
  pages={221--232},
  year={2017},
  publisher={Elsevier}
}

@book{stearns2006consumerism,
  title={Consumerism in world history: The global transformation of desire},
  author={Stearns, Peter N},
  year={2006},
  publisher={Routledge}
}

@misc{Rossmann_2024,
  title={Google supports right to repair? think again.},
  url={https://www.youtube.com/watch?v=rV5bBSZX00E},
  journal={YouTube},
  publisher={YouTube},
  author={Rossmann, Louis},
  year={2024},
  month={Jan}
}

@misc{oecd_inflation_rates,
  title={Prices - inflation (CPI) - OECD Data},
  url={https://data.oecd.org/price/inflation-cpi.htm},
  journal={OECD},
  author={OECD, Data}
}

@misc{oecd_interest_rate,
  title={Interest rates - short-term interest rates - OECD data},
  url={https://data.oecd.org/interest/short-term-interest-rates.htm},
  journal={OECD},
  author={OECD, Data}
}

@misc{Bruce_2021,
  title={Global Data: Most consumers would prefer to repair broken tech, rather than replace it},
  url={https://today.yougov.com/technology/articles/34350-repair-replace-tech-global-data},
  journal={YouGov},
  publisher={YouGov},
  author={Bruce, Graeme},
  year={2021},
  month={Feb}
}

@article{muthu2011carbon,
  title={Carbon footprint of shopping (grocery) bags in China, Hong Kong and India},
  author={Muthu, Subramanian Senthilkannan and Li, Y and Hu, JY and Mok, Pik Yin},
  journal={Atmospheric environment},
  volume={45},
  number={2},
  pages={469--475},
  year={2011},
  publisher={Elsevier}
}

@article{roskladka2023right,
  title={From “right to repair” to “willingness to repair”: Exploring consumer's perspective to product lifecycle extension},
  author={Roskladka, Nataliia and Jaegler, Anicia and Miragliotta, Giovanni},
  journal={Journal of Cleaner Production},
  volume={432},
  pages={139705},
  year={2023},
  publisher={Elsevier}
}

@misc{Narendra_Tadepalli_Chakraborty_2015,
  title={Lightning connector accessory device},
  url={https://patents.google.com/patent/US9077794B2/en},
  author={Narendra, Siva G. and Tadepalli, Prabhakar and Chakraborty, Saurav},
  year={2015},
  month={Jul}
}

@inproceedings{sarnoff2017white,
  title={White Paper on Protecting the Consumer Patent Law Right of Repair and the Aftermarket for Exterior Motor Vehicle Repair Parts: The Parts Act, S. 812; HR 1879, 115th Congress},
  author={Sarnoff, Joshua D},
  booktitle={115th Congress (November 1, 2017)},
  year={2017}
}

@misc{1991akzo,
  title={Akzo Chemie BV v. Commission},
  booktitle={ECR I},
  volume={1991},
  pages={3359},
  number={C-62},
  year={1991}
}

@misc{telefonica_v_commission,
  title={T-336/07 - Telefónica and Telefónica de España v Commission},
  url={https://curia.europa.eu/juris/liste.jsf?num=T-336/07\&language=EN},
  journal={CURIA}
  year={2012},
  month={Mar}
}

@misc{france_telecom_v_commission,
  title={T-340/03 - France Télécom v Commission},
  url={https://curia.europa.eu/juris/liste.jsf?language=en\&num=T-340/03},
  journal={CURIA},
  year={2007},
  month={Jan}
}

@book{united2008competition,
  title={Competition and Monopoly: Single-firm Conduct Under Section 2 of the Sherman Act},
  author={Department of Justice, United States},
  year={2008},
  publisher={US Department of Justice}
}

@misc{ceahr_v_commission,
  title={T-712/14 - CEAHR v Commission},
  url={https://curia.europa.eu/juris/liste.jsf?num=T-712/14\&language=en},
  journal={CURIA},
  year={2017},
  month={Oct}
}

@misc{Rossmann_2023_Gm_Carplay,
  title={GM gets rid of Carplay and Android Auto For Your Safety},
  url={https://www.youtube.com/watch?v=qhh4rzImufs},
  journal={YouTube},
  publisher={YouTube},
  author={Rossmann, Louis},
  year={2023},
  month={Dec}
}

@misc{Rossmann_2023_Nikon,
  title={Nikon limits customers to using OEM batteries “for your safety”},
  url={https://www.youtube.com/watch?v=ZkMH5D5iiwA},
  journal={YouTube},
  publisher={YouTube},
  author={Rossmann, Louis},
  year={2023},
  month={May}
}

@misc{Rossmann_2021_Safety_Vs_Freedom,
  title={Safety vs. freedom \& accepting the premise of assholes},
  url={https://www.youtube.com/watch?v=4stqRE5zzoQ},
  journal={YouTube},
  publisher={YouTube},
  author={Rossmann, Louis},
  year={2021},
  month={Apr}
}

@misc{Rossmann_2024_Privacy_Safety,
  title={Privacy, safety, security},
  url={https://www.youtube.com/watch?v=i-tgNOJyLTY},
  journal={YouTube},
  publisher={YouTube},
  author={Rossmann, Louis},
  year={2024},
  month={Jan}
}

@article{krochtengel2017texas,
  title={Texas Jury Hits GE For $44 M Anesthesia Machine Monopoly-Law360},
  author={Krochtengel, J},
  journal={Law360},
  year={2017}
}

@misc{red_lion_v_ge_2015a,
  title={Texas Eastern District Court, Red Lion Medical Safety Inc. et al. v. GE Co. Inc. et al},
  volume={2},
  pages={cv–00308},
  date={2015},
  issue={15},
  language={en}
}

@misc{gordon-byrne2018a,
  author={Gordon-Byrne, G.},
  title={CEO the Repair Association},
  date={2018-08-17},
  language={en}
}

@misc{2016avaya,
  title={Avaya Inc., RP v. Telecom Labs, Inc.},
  booktitle={F. 3d},
  volume={838},
  pages={354},
  number={No. 14-4174 \& 14-4277},
  year={2016},
  publisher={Court of Appeals, 3rd Circuit}
}

@misc{district_court_new_jersey,
  title={District Court for the District of New Jersey, D.C. Civ. Action},
  volume={},
  date={2016},
  issue={1:06-cv-02490},
  language={en}
}

@article{cakebread2017you,
  title={You’re not alone, no one reads terms of service agreements},
  url={https://www.businessinsider.com/deloitte-study-91-percent-agree-terms-of-service-without-reading-2017-11},
  author={Cakebread, Caroline},
  journal={Business Insider},
  volume={15},
  number={11},
  year={2017}
}

@article{benoliel2019duty,
  title={The duty to read the unreadable},
  author={Benoliel, Uri and Becher, Shmuel I},
  journal={BCL Rev.},
  volume={60},
  pages={2255},
  year={2019},
  publisher={HeinOnline}
}

@article{sandle2020report,
  title={Report finds only 1 percent reads 'Terms \& Conditions'},
  url={https://www.digitaljournal.com/business/report-finds-only-1-percent-reads-terms-conditions/article/566127},
  author={Sandle, Tim},
  journal={Digital Journal},
  volume={29},
  year={2020}
}

@misc{Chmura_Lucero_Goard_Rodriguez_2024,
  title={Fridge failures: LG says angry owners can’t sue, company points to cardboard box},
  url={https://www.nbcbayarea.com/investigations/consumer/lg-refrigerators-failures-update/3465620/},
  journal={NBC Bay Area},
  publisher={NBC Bay Area},
  author={Chmura, Chris and Lucero, Stephanie and Goard, Alyssa and Rodriguez, Camille Lopez},
  year={2024},
  month={Feb}
}

@misc{Rossmann_2024_Lg_Broken_Promise,
  title={LG’s broken promise: How consumers got screwed out of their 10-year warranty},
  url={https://www.youtube.com/watch?v=Km-QqU5Pk84},
  journal={YouTube},
  publisher={YouTube},
  author={Rossmann, Louis},
  year={2024},
  month={Mar}
}

@misc{Rossmann_2023_Forced_Arbitration,
  title={Samsung is a garbage company!},
  url={https://www.youtube.com/watch?v=l-8qqkCbo3U},
  journal={YouTube},
  publisher={YouTube},
  author={Rossmann, Louis},
  year={2023},
  month={Jun}
}

@misc{1996procd,
  title={ProCD, Inc. v. Zeidenberg},
  booktitle={F. 3d},
  volume={86},
  pages={1447},
  number={No. 96-1139},
  year={1996},
  publisher={Court of Appeals, 7th Circuit}
}

@misc{2007feldman,
  title={Feldman v. Google, Inc.},
  booktitle={F. Supp. 2d},
  volume={513},
  pages={229},
  number={Civil Action No. 06-2540},
  year={2007},
  publisher={Dist. Court, ED Pennsylvania}
}

@misc{Tong_2023,
  title={Are end user license agreements enforceable?},
  url={https://toslawyer.com/are-end-user-license-agreements-enforceable/},
  journal={Terms of Service Lawyer - Expert Terms and Conditions Lawyer},
  publisher={Terms of Service Lawyer},
  author={Tong, Hansen},
  year={2023},
  month={Dec}
}

@misc{United_States_Copyright_Office_2016,
  title={Software-Enabled Consumer Products}
  url={https://www.copyright.gov/policy/software/software-full-report.pdf},
  journal={United States Copyright Office},
  publisher={United States Copyright Office},
  year={2016},
  month={Dec}
}

@article{maitre2016regulating,
  title={Regulating planned obsolescence: a review of legal approaches to increase product durability and reparability in Europe},
  author={Maitre-Ekern, El{\'e}onore and Dalhammar, Carl},
  journal={Review of European, Comparative \& International Environmental Law},
  volume={25},
  number={3},
  pages={378--394},
  year={2016},
  publisher={Wiley Online Library}
}

@misc{Sonnemaker_2020,
  title={France just fined Apple $27 million for intentionally slowing down iphones - the amount of profit the company makes in under 3 Hours},
  url={https://www.businessinsider.com/france-fines-apple-27-million-for-intentional-iphone-throttling-2020-2},
  journal={Business Insider},
  publisher={Business Insider},
  author={Sonnemaker, Tyler},
  year={2020},
  month={Feb}
}

@misc{Dillet_2020,
  title={Apple fined $27 million in France for throttling old iphones without telling users},
  url={https://techcrunch.com/2020/02/07/apple-fined-27-million-for-throttling-old-iphones-without-telling-users/},
  journal={TechCrunch},
  publisher={TechCrunch},
  author={Dillet, Romain},
  year={2020},
  month={Feb}
}

@misc{Kayali_2020,
  title={Apple fined €25m in France for misleading consumers about slowed-down iPhones},
  url={https://www.politico.eu/article/apple-fined-e25m-in-france-for-misleading-consumers-about-slowed-down-iphones/},
  journal={POLITICO},
  publisher={POLITICO},
  author={Kayali, Laura},
  year={2020},
  month={Feb}
}

@misc{Porter_2020,
  title={Apple hit with €25 million fine in France for iPhone Slowdown controversy},
  url={https://www.theverge.com/2020/2/7/21127984/apple-iphone-batterygate-slowdown-batteries-french-fine},
  journal={The Verge},
  publisher={The Verge},
  author={Porter, Jon},
  year={2020},
  month={Feb}
}

@misc{One_Planet_Network_2023,
  title={Repairability Index},
  url={https://www.oneplanetnetwork.org/sites/default/files/from-crm/23_02_02_Case_Index.pdf},
  journal={One Planet Network},
  publisher={One Planet Network},
  year={2023},
  month={Feb}
}

@misc{repair_index_2023,
  title={Indice de Réparabilité},
  url={https://www.ecologie.gouv.fr/indice-reparabilite},
  journal={Ministère de la Transition Écologique et de la Cohésion des Territoires},
  publisher={French Government},
  author={French Government, French},
  year={2023},
  month={Dec}
}

@misc{Mdepypere_2023,
  title={The French Repair index: Challenges and opportunities},
  url={https://repair.eu/news/the-french-repair-index-challenges-and-opportunities/},
  journal={Right to Repair Europe},
  author={Mdepypere},
  year={2023},
  month={Feb}
}

@misc{Congress_1975,
  title={15 U.S. Code § 2302 - rules governing contents of Warranties},
  url={https://www.law.cornell.edu/uscode/text/15/2302},
  journal={Legal Information Institute},
  publisher={Legal Information Institute},
  author={Congress, US},
  year={1975},
  month={Jan}
}

@misc{Congress_1975a,
  title={88 stat. ] Public law 93-637-Jan. 4, 1975 2183 ...},
  url={https://www.congress.gov/93/statute/STATUTE-88/STATUTE-88-Pg2183.pdf},
  journal={US Congress},
  publisher={US Congress},
  author={Congress, US},
  year={1975},
  month={Jan}
}

@misc{Rossmann_2024_Lenovo,
  title={How Lenovo is cheating owners - warranty voided & sales blocked!},
  url={https://www.youtube.com/watch?v=U2k9D81fbpA},
  journal={YouTube},
  publisher={YouTube},
  author={Rossmann, Louis},
  year={2024},
  month={Mar}
}

@misc{Rossmann_2024_Samsung_Knife,
  title={Samsung purposely knives customer’s TV to weasel out of repair},
  url={https://www.youtube.com/watch?v=cyWlACuhqNg},
  journal={YouTube},
  publisher={YouTube},
  author={Rossmann, Louis},
  year={2024},
  month={Feb}
}

@misc{EU_Commission_2016,
  title={Ecodesign Working Plan 2016-2019},
  url={https://eur-lex.europa.eu/legal-content/EN/TXT/?uri=CELEX\%3A52016DC0773},
  journal={EUR-Lex},
  author={EU Commission, Comission},
  year={2016},
  month={Nov}
}

@misc{Commission_2016,
  title={Energy Commission adopts lighting standards to save Californians more than $4 billion in electricity costs},
  url={https://web.archive.org/web/20190426064314/https://www.energy.ca.gov/releases/2016_releases/2016-01-27_adoption_of_lighting_standards_nr.html},
  journal={News Release - Energy Commission Adopts Lighting Standards to Save Californians More Than $4 Billion in Electricity Costs},
  author={Commission, California Energy},
  year={2016},
  month={Jan}
}

@misc{Vermont_Legislation_2018,
  title={S.180},
  url={https://legislature.vermont.gov/Documents/2018/WorkGroups/Senate\%20Economic\%20Development/Bills/S.180/S.180~Washington\%20State\%20House\%20Technology\%20and\%20Economic\%20Development~Substitutie\%20House\%20Bill~2-9-2018.pdf},
  journal={State House Dome},
  author={Vermont Legislation, Vermont},
  year={2018},
  month={Sep}
}

@misc{Jefferys_2023_iphone_14,
  title={What it takes to repair the iPhone 14 pro will anger you - iphone 14 pro max restoration},
  url={https://www.youtube.com/watch?v=iWRKZpvf3Uo},
  journal={YouTube},
  publisher={YouTube},
  author={Jefferys, Hugh},
  year={2023},
  month={Mar}
}

@misc{Jefferys_2023_apple_repair_practices,
  title={Astonishing anti repair practices by Apple in the last 15 years},
  url={https://www.youtube.com/watch?v=e3e-b-7jCYk},
  journal={YouTube},
  publisher={YouTube},
  author={Jefferys, Hugh},
  year={2023},
  month={Nov}
}

@misc{Jefferys_2022_apple_care_environment,
  title={If Apple really cared about the environment they would stop doing this},
  url={https://www.youtube.com/watch?v=ZzS2vwDUO9U},
  journal={YouTube},
  publisher={YouTube},
  author={Jefferys, Hugh},
  year={2022},
  month={Aug}
}

@misc{World_Bank_2022,
  title={Final consumption expenditure (current US$)},
  url={https://data.worldbank.org/indicator/NE.CON.TOTL.CD?view=map},
  journal={World Bank Open Data},
  publisher={World Bank Open Data},
  author={World Bank, Open Data},
  year={2022}
}

@misc{Apple_2023,
  title={iPhone 15 and iPhone 15 plus},
  url={https://www.apple.com/iphone-15/},
  journal={Apple},
  publisher={Apple},
  author={Apple, Inc},
  year={2023}
}

@misc{Guarascio_2022,
  title={Apple forced to change charger in Europe as EU approves overhaul},
  url={https://www.reuters.com/technology/eu-parliament-adopts-rules-common-charger-electronic-devices-2022-10-04/},
  journal={Reuters},
  publisher={Reuters},
  author={Guarascio, Francesco},
  year={2022},
  month={Oct}
}

@misc{Apple_2024,
  title={Apple announces changes to IOS, Safari, and the App Store in the European Union},
  url={https://www.apple.com/newsroom/2024/01/apple-announces-changes-to-ios-safari-and-the-app-store-in-the-european-union/},
  journal={Apple Newsroom},
  publisher={Apple Newsroom},
  author={Apple, Newsroom},
  year={2024},
  month={Feb}
}

@misc{Rossmann_2018_horrible_truth,
  title={The horrible truth about Apple’s repeated engineering failures.},
  url={https://www.youtube.com/watch?v=AUaJ8pDlxi8},
  journal={YouTube},
  publisher={YouTube},
  author={Rossmann, Louis},
  year={2018},
  month={Apr}
}

@misc{Bates-Prince_2018,
  title={Interview: The story of France’s fight against planned obsolescence},
  url={https://buymeonce.com/blogs/articles-tips/interview-france-fight-planned-obsolescence},
  journal={Buy Me Once},
  author={Bates-Prince, James},
  year={2018},
  month={May}
}

@misc{Miazaki_2024,
  title={Is France making planned obsolescence obsolete?},
  url={https://craftsmanship.net/is-france-making-planned-obsolescence-obsolete/},
  journal={Craftsmanship Magazine},
  publisher={Craftsmanship Magazine},
  author={Miazaki, Vinicius},
  year={2024},
  month={Mar}
}

@misc{BBC_2020,
  title={Apple fined for slowing down old iphones},
  url={https://www.bbc.com/news/technology-51413724},
  journal={BBC News},
  publisher={BBC},
  author={BBC, News},
  year={2020},
  month={Feb}
}

@misc{HOP_2022, title={Halteobsolescence},
  title={The French repairability index: A first assessment – one year after its implementation},
  url={https://www.halteobsolescence.org/wp-content/uploads/2022/02/Rapport-indice-de-reparabilite.pdf},
  journal={Stop to Planned Obsolescence},
  author={HOP},
  year={2022},
  month={Feb}
}

@misc{BBC_2018,
  title={Apple investigated by France for “planned obsolescence”},
  url={https://www.bbc.com/news/world-europe-42615378},
  journal={BBC News},
  publisher={BBC},
  author={BBC, News},
  year={2018},
  month={Jan}
}

@misc{Am_Doshi_Noble_Malik_2023,
  title={Consumers care about sustainability-and back it up with their wallets},
  url={https://www.mckinsey.com/industries/consumer-packaged-goods/our-insights/consumers-care-about-sustainability-and-back-it-up-with-their-wallets},
  journal={McKinsey & Company},
  publisher={McKinsey & Company},
  author={Am, Jordan Bar and Doshi, Vinit and Noble, Steve and Malik, Anandi},
  year={2023},
  month={Feb}
}

@misc{CompaniesMarketCap,
  title={CompaniesMarketCap.com - companies ranked by market capitalization},
  url={https://companiesmarketcap.com/},
  journal={CompaniesMarketCap.com - companies ranked by market capitalization},
  year={2024},
  month={Apr}
}

@misc{WHO_2023,
  title={Electronic waste (e-waste)},
  url={https://www.who.int/news-room/fact-sheets/detail/electronic-waste-(e-waste)},
  journal={World Health Organization},
  publisher={World Health Organization},
  author={WHO, WHO},
  year={2023},
  month={Oct}
}

@misc{Turiceanu_2023,
  title={A right to repair act could reduce millions of tons of e-waste},
  url={https://earth.org/repairing-our-electronics-could-reduce-millions-of-tons-of-e-waste/},
  journal={Earth.Org},
  publisher={Earth.Org},
  author={Turiceanu, Vlad},
  year={2023},
  month={Nov}
}