
@article{shi2023machine,
  title={Machine Learning for Chemistry: Basics and Applications},
  author={Shi, Yun-Fei and Yang, Zheng-Xin and Ma, Sicong and Kang, Pei-Lin and Shang, Cheng and Hu, P and Liu, Zhi-Pan},
  journal={Engineering},
  year={2023},
  publisher={Elsevier}
}

@article{schneider2020rethinking,
  title={Rethinking drug design in the artificial intelligence era},
  author={Schneider, Petra and Walters, W Patrick and Plowright, Alleyn T and Sieroka, Norman and Listgarten, Jennifer and Goodnow Jr, Robert A and Fisher, Jasmin and Jansen, Johanna M and Duca, Jos{\'e} S and Rush, Thomas S and others},
  journal={Nature Reviews Drug Discovery},
  volume={19},
  number={5},
  pages={353--364},
  year={2020},
  publisher={Nature Publishing Group UK London}
}

@article{vanhaelen2020advent,
  title={The advent of generative chemistry},
  author={Vanhaelen, Quentin and Lin, Yen-Chu and Zhavoronkov, Alex},
  journal={ACS Medicinal Chemistry Letters},
  volume={11},
  number={8},
  pages={1496--1505},
  year={2020},
  publisher={ACS Publications}
}

@book{davenport2018ai,
  title={The AI advantage: How to put the artificial intelligence revolution to work},
  author={Davenport, Thomas H},
  year={2018},
  publisher={mit Press}
}

@article{kearnes2021open,
  title={The open reaction database},
  author={Kearnes, Steven M and Maser, Michael R and Wleklinski, Michael and Kast, Anton and Doyle, Abigail G and Dreher, Spencer D and Hawkins, Joel M and Jensen, Klavs F and Coley, Connor W},
  journal={Journal of the American Chemical Society},
  volume={143},
  number={45},
  pages={18820--18826},
  year={2021},
  publisher={ACS Publications}
}

@article{kim2019pubchem,
  title={PubChem 2019 update: improved access to chemical data},
  author={Kim, Sunghwan and Chen, Jie and Cheng, Tiejun and Gindulyte, Asta and He, Jia and He, Siqian and Li, Qingliang and Shoemaker, Benjamin A and Thiessen, Paul A and Yu, Bo and others},
  journal={Nucleic acids research},
  volume={47},
  number={D1},
  pages={D1102--D1109},
  year={2019},
  publisher={Oxford University Press}
}

@book{olver2010nist,
  title={NIST handbook of mathematical functions hardback and CD-ROM},
  author={Olver, Frank WJ},
  year={2010},
  publisher={Cambridge university press}
}

@article{ayers2012chemspider,
  title={ChemSpider: the free chemical database},
  author={Ayers, Meredith},
  journal={Reference Reviews},
  volume={26},
  number={7},
  pages={45--46},
  year={2012},
  publisher={Emerald Group Publishing Limited}
}

@article{gaulton2012chembl,
  title={ChEMBL: a large-scale bioactivity database for drug discovery},
  author={Gaulton, Anna and Bellis, Louisa J and Bento, A Patricia and Chambers, Jon and Davies, Mark and Hersey, Anne and Light, Yvonne and McGlinchey, Shaun and Michalovich, David and Al-Lazikani, Bissan and others},
  journal={Nucleic acids research},
  volume={40},
  number={D1},
  pages={D1100--D1107},
  year={2012},
  publisher={Oxford University Press}
}

@article{wishart2008drugbank,
  title={DrugBank: a knowledgebase for drugs, drug actions and drug targets},
  author={Wishart, David S and Knox, Craig and Guo, An Chi and Cheng, Dean and Shrivastava, Savita and Tzur, Dan and Gautam, Bijaya and Hassanali, Murtaza},
  journal={Nucleic acids research},
  volume={36},
  number={suppl_1},
  pages={D901--D906},
  year={2008},
  publisher={Oxford University Press}
}

@article{huang2016tox21challenge,
  title={Tox21Challenge to build predictive models of nuclear receptor and stress response pathways as mediated by exposure to environmental chemicals and drugs},
  author={Huang, Ruili and Xia, Menghang and Nguyen, Dac-Trung and Zhao, Tongan and Sakamuru, Srilatha and Zhao, Jinghua and Shahane, Sampada A and Rossoshek, Anna and Simeonov, Anton},
  journal={Frontiers in Environmental Science},
  volume={3},
  pages={85},
  year={2016},
  publisher={Frontiers Media SA}
}

@article{delaney2004esol,
  title={ESOL: estimating aqueous solubility directly from molecular structure},
  author={Delaney, John S},
  journal={Journal of chemical information and computer sciences},
  volume={44},
  number={3},
  pages={1000--1005},
  year={2004},
  publisher={ACS Publications}
}

@article{mobley2014freesolv,
  title={FreeSolv: a database of experimental and calculated hydration free energies, with input files},
  author={Mobley, David L and Guthrie, J Peter},
  journal={Journal of computer-aided molecular design},
  volume={28},
  pages={711--720},
  year={2014},
  publisher={Springer}
}

@article{wang2015silico,
  title={In silico evaluation of logD7. 4 and comparison with other prediction methods},
  author={Wang, Jian-Bing and Cao, Dong-Sheng and Zhu, Min-Feng and Yun, Yong-Huan and Xiao, Nan and Liang, Yi-Zeng},
  journal={Journal of Chemometrics},
  volume={29},
  number={7},
  pages={389--398},
  year={2015},
  publisher={Wiley Online Library}
}

@article{groom2016cambridge,
  title={The Cambridge structural database},
  author={Groom, Colin R and Bruno, Ian J and Lightfoot, Matthew P and Ward, Suzanna C},
  journal={Acta Crystallographica Section B: Structural Science, Crystal Engineering and Materials},
  volume={72},
  number={2},
  pages={171--179},
  year={2016},
  publisher={International Union of Crystallography}
}

@article{zagorac2019recent,
  title={Recent developments in the Inorganic Crystal Structure Database: theoretical crystal structure data and related features},
  author={Zagorac, Dejan and M{\"u}ller, H and Ruehl, S and Zagorac, J and Rehme, Silke},
  journal={Journal of applied crystallography},
  volume={52},
  number={5},
  pages={918--925},
  year={2019},
  publisher={International Union of Crystallography}
}

@article{gates2019powder,
  title={The powder diffraction file: a quality materials characterization database},
  author={Gates-Rector, Stacy and Blanton, Thomas},
  journal={Powder Diffraction},
  volume={34},
  number={4},
  pages={352--360},
  year={2019},
  publisher={Cambridge University Press}
}

@article{lucu2018critical,
  title={A critical review on self-adaptive Li-ion battery ageing models},
  author={Lucu, M and Martinez-Laserna, E and Gandiaga, I and Camblong, Haritza},
  journal={Journal of Power Sources},
  volume={401},
  pages={85--101},
  year={2018},
  publisher={Elsevier}
}

@article{zakutayev2018open,
  title={An open experimental database for exploring inorganic materials},
  author={Zakutayev, Andriy and Wunder, Nick and Schwarting, Marcus and Perkins, John D and White, Robert and Munch, Kristin and Tumas, William and Phillips, Caleb},
  journal={Scientific data},
  volume={5},
  number={1},
  pages={1--12},
  year={2018},
  publisher={Nature Publishing Group}
}

@article{ruddigkeit2012enumeration,
  title={Enumeration of 166 billion organic small molecules in the chemical universe database GDB-17},
  author={Ruddigkeit, Lars and Van Deursen, Ruud and Blum, Lorenz C and Reymond, Jean-Louis},
  journal={Journal of chemical information and modeling},
  volume={52},
  number={11},
  pages={2864--2875},
  year={2012},
  publisher={ACS Publications}
}

@article{ramakrishnan2014quantum,
  title={Quantum chemistry structures and properties of 134 kilo molecules},
  author={Ramakrishnan, Raghunathan and Dral, Pavlo O and Rupp, Matthias and Von Lilienfeld, O Anatole},
  journal={Scientific data},
  volume={1},
  number={1},
  pages={1--7},
  year={2014},
  publisher={Nature Publishing Group}
}

@article{jain2013commentary,
  title={Commentary: The Materials Project: A materials genome approach to accelerating materials innovation},
  author={Jain, Anubhav and Ong, Shyue Ping and Hautier, Geoffroy and Chen, Wei and Richards, William Davidson and Dacek, Stephen and Cholia, Shreyas and Gunter, Dan and Skinner, David and Ceder, Gerbrand and others},
  journal={APL materials},
  volume={1},
  number={1},
  year={2013},
  publisher={AIP Publishing}
}

@article{kirklin2015open,
  title={The Open Quantum Materials Database (OQMD): assessing the accuracy of DFT formation energies},
  author={Kirklin, Scott and Saal, James E and Meredig, Bryce and Thompson, Alex and Doak, Jeff W and Aykol, Muratahan and R{\"u}hl, Stephan and Wolverton, Chris},
  journal={npj Computational Materials},
  volume={1},
  number={1},
  pages={1--15},
  year={2015},
  publisher={Nature Publishing Group}
}

@article{curtarolo2012aflow,
  title={AFLOW: An automatic framework for high-throughput materials discovery},
  author={Curtarolo, Stefano and Setyawan, Wahyu and Hart, Gus LW and Jahnatek, Michal and Chepulskii, Roman V and Taylor, Richard H and Wang, Shidong and Xue, Junkai and Yang, Kesong and Levy, Ohad and others},
  journal={Computational Materials Science},
  volume={58},
  pages={218--226},
  year={2012},
  publisher={Elsevier}
}

@article{calderon2015aflow,
  title={The AFLOW standard for high-throughput materials science calculations},
  author={Calderon, Camilo E and Plata, Jose J and Toher, Cormac and Oses, Corey and Levy, Ohad and Fornari, Marco and Natan, Amir and Mehl, Michael J and Hart, Gus and Nardelli, Marco Buongiorno and others},
  journal={Computational Materials Science},
  volume={108},
  pages={233--238},
  year={2015},
  publisher={Elsevier}
}

@article{smith2017ani,
  title={ANI-1, A data set of 20 million calculated off-equilibrium conformations for organic molecules},
  author={Smith, Justin S and Isayev, Olexandr and Roitberg, Adrian E},
  journal={Scientific data},
  volume={4},
  number={1},
  pages={1--8},
  year={2017},
  publisher={Nature Publishing Group}
}

@article{bowman2022md17,
  title={The MD17 datasets from the perspective of datasets for gas-phase “small” molecule potentials},
  author={Bowman, Joel M and Qu, Chen and Conte, Riccardo and Nandi, Apurba and Houston, Paul L and Yu, Qi},
  journal={The Journal of Chemical Physics},
  volume={156},
  number={24},
  year={2022},
  publisher={AIP Publishing}
}

@article{schutt2017quantum,
  title={Quantum-chemical insights from deep tensor neural networks},
  author={Sch{\"u}tt, Kristof T and Arbabzadah, Farhad and Chmiela, Stefan and M{\"u}ller, Klaus R and Tkatchenko, Alexandre},
  journal={Nature communications},
  volume={8},
  number={1},
  pages={13890},
  year={2017},
  publisher={Nature Publishing Group UK London}
}

@article{kolluru2022open,
  title={Open challenges in developing generalizable large-scale machine-learning models for catalyst discovery},
  author={Kolluru, Adeesh and Shuaibi, Muhammed and Palizhati, Aini and Shoghi, Nima and Das, Abhishek and Wood, Brandon and Zitnick, C Lawrence and Kitchin, John R and Ulissi, Zachary W},
  journal={ACS Catalysis},
  volume={12},
  number={14},
  pages={8572--8581},
  year={2022},
  publisher={ACS Publications}
}

@article{townshend2020atom3d,
  title={Atom3d: Tasks on molecules in three dimensions},
  author={Townshend, Raphael JL and V{\"o}gele, Martin and Suriana, Patricia and Derry, Alexander and Powers, Alexander and Laloudakis, Yianni and Balachandar, Sidhika and Jing, Bowen and Anderson, Brandon and Eismann, Stephan and others},
  journal={arXiv preprint arXiv:2012.04035},
  year={2020}
}

@article{santos2017comprehensive,
  title={A comprehensive map of molecular drug targets},
  author={Santos, Rita and Ursu, Oleg and Gaulton, Anna and Bento, A Patr{\'\i}cia and Donadi, Ramesh S and Bologa, Cristian G and Karlsson, Anneli and Al-Lazikani, Bissan and Hersey, Anne and Oprea, Tudor I and others},
  journal={Nature reviews Drug discovery},
  volume={16},
  number={1},
  pages={19--34},
  year={2017},
  publisher={Nature Publishing Group}
}

@article{lin2017drug,
  title={Drug target ontology to classify and integrate drug discovery data},
  author={Lin, Yu and Mehta, Saurabh and K{\"u}{\c{c}}{\"u}k-McGinty, Hande and Turner, John Paul and Vidovic, Dusica and Forlin, Michele and Koleti, Amar and Nguyen, Dac-Trung and Jensen, Lars Juhl and Guha, Rajarshi and others},
  journal={Journal of biomedical semantics},
  volume={8},
  pages={1--16},
  year={2017},
  publisher={Springer}
}

@misc{Farmer_2020,
  title={18.7: Reduction of carboxylic acids and their derivatives},
  url={https://chem.libretexts.org/Bookshelves/Organic_Chemistry/Map\%3A_Organic_Chemistry_(Smith)/18\%3A_Introduction_to_Carbonyl_Chemistry_Organometallic_Reagents_Oxidation_and_Reduction/18.07\%3A_Reduction_of_Carboxylic_Acids_and_Their_Derivatives},
  journal={Chemistry LibreTexts},
  publisher={Libretexts},
  author={Farmer, Steven},
  year={2020},
  month={Jul}
}

@misc{Clark_2000,
  title={The nucleophilic substitution reactions between halogenoalkanes and hydroxide ions},
  url={https://www.chemguide.co.uk/mechanisms/nucsub/hydroxide.html},
  journal={Nucleophilic substitution - halogenoalkanes and hydroxide ions},
  publisher={chemguide},
  author={Clark, Jim},
  year={2000}
}

@article{coley2018scscore,
  title={SCScore: synthetic complexity learned from a reaction corpus},
  author={Coley, Connor W and Rogers, Luke and Green, William H and Jensen, Klavs F},
  journal={Journal of chemical information and modeling},
  volume={58},
  number={2},
  pages={252--261},
  year={2018},
  publisher={ACS Publications}
}

@article{sprague1995automated,
  title={Automated chemical hypothesis generation and database searching with Catalyst{\textregistered}},
  author={Sprague, Peter W},
  journal={Perspectives in Drug Discovery and Design},
  volume={3},
  number={1},
  pages={1--20},
  year={1995},
  publisher={Springer}
}

@article{merk2018novo,
  title={De novo design of bioactive small molecules by artificial intelligence},
  author={Merk, Daniel and Friedrich, Lukas and Grisoni, Francesca and Schneider, Gisbert},
  journal={Molecular informatics},
  volume={37},
  number={1-2},
  pages={1700153},
  year={2018},
  publisher={Wiley Online Library}
}

@article{gomez2018automatic,
  title={Automatic chemical design using a data-driven continuous representation of molecules},
  author={G{\'o}mez-Bombarelli, Rafael and Wei, Jennifer N and Duvenaud, David and Hern{\'a}ndez-Lobato, Jos{\'e} Miguel and S{\'a}nchez-Lengeling, Benjam{\'\i}n and Sheberla, Dennis and Aguilera-Iparraguirre, Jorge and Hirzel, Timothy D and Adams, Ryan P and Aspuru-Guzik, Al{\'a}n},
  journal={ACS central science},
  volume={4},
  number={2},
  pages={268--276},
  year={2018},
  publisher={ACS Publications}
}

@article{arulkumaran2017brief,
  title={A brief survey of deep reinforcement learning},
  author={Arulkumaran, Kai and Deisenroth, Marc Peter and Brundage, Miles and Bharath, Anil Anthony},
  journal={arXiv preprint arXiv:1708.05866},
  year={2017}
}

@article{guimaraes2017objective,
  title={Objective-reinforced generative adversarial networks (organ) for sequence generation models},
  author={Guimaraes, Gabriel Lima and Sanchez-Lengeling, Benjamin and Outeiral, Carlos and Farias, Pedro Luis Cunha and Aspuru-Guzik, Al{\'a}n},
  journal={arXiv preprint arXiv:1705.10843},
  year={2017}
}

@article{polykovskiy2020molecular,
  title={Molecular sets (MOSES): a benchmarking platform for molecular generation models},
  author={Polykovskiy, Daniil and Zhebrak, Alexander and Sanchez-Lengeling, Benjamin and Golovanov, Sergey and Tatanov, Oktai and Belyaev, Stanislav and Kurbanov, Rauf and Artamonov, Aleksey and Aladinskiy, Vladimir and Veselov, Mark and others},
  journal={Frontiers in pharmacology},
  volume={11},
  pages={565644},
  year={2020},
  publisher={Frontiers Media SA}
}

@inproceedings{perron2018deep,
  title={Deep learning for ligand-based de novo design in lead optimization: a real life case study},
  author={Perron, Quentin and Mirguet, Olivier and Rojas, Anne and Gohier, Arnaud and Ducrot, Pierre and Gloanec, Philippe and Bourguignon, Marie-Pierre and Sansilvestri, Patricia and Tajmouati, Hamza and Do Huu, Nicolas},
  booktitle={XXV EFMC International Symposium on Medicinal Chemistry},
  year={2018}
}

@article{plowright2012hypothesis,
  title={Hypothesis driven drug design: improving quality and effectiveness of the design-make-test-analyse cycle},
  author={Plowright, Alleyn T and Johnstone, Craig and Kihlberg, Jan and Pettersson, Jonas and Robb, Graeme and Thompson, Richard A},
  journal={Drug Discovery Today},
  volume={17},
  number={1-2},
  pages={56--62},
  year={2012},
  publisher={Elsevier}
}

@article{hopkins2014role,
  title={The role of ligand efficiency metrics in drug discovery},
  author={Hopkins, Andrew L and Keser{\"u}, Gy{\"o}rgy M and Leeson, Paul D and Rees, David C and Reynolds, Charles H},
  journal={Nature reviews Drug discovery},
  volume={13},
  number={2},
  pages={105--121},
  year={2014},
  publisher={Nature Publishing Group UK London}
}

@article{cavalluzzi2017ligand,
  title={Ligand efficiency metrics in drug discovery: The pros and cons from a practical perspective},
  author={Cavalluzzi, Maria Maddalena and Mangiatordi, Giuseppe Felice and Nicolotti, Orazio and Lentini, Giovanni},
  journal={Expert opinion on drug discovery},
  volume={12},
  number={11},
  pages={1087--1104},
  year={2017},
  publisher={Taylor \& Francis}
}

@article{meanwell2016improving,
  title={Improving drug design: an update on recent applications of efficiency metrics, strategies for replacing problematic elements, and compounds in nontraditional drug space},
  author={Meanwell, Nicholas A},
  journal={Chemical Research in Toxicology},
  volume={29},
  number={4},
  pages={564--616},
  year={2016},
  publisher={ACS Publications}
}

@article{kenny2014ligand,
  title={Ligand efficiency metrics considered harmful},
  author={Kenny, Peter W and Leitao, Andrei and Montanari, Carlos A},
  journal={Journal of computer-aided molecular design},
  volume={28},
  pages={699--710},
  year={2014},
  publisher={Springer}
}

@article{parry2019closing,
  title={Closing the loop: developing an integrated design, make, and test platform for discovery},
  author={Parry, David M},
  journal={ACS Medicinal Chemistry Letters},
  volume={10},
  number={6},
  pages={848--856},
  year={2019},
  publisher={ACS Publications}
}

@article{dimitrov2019autonomous,
  title={Autonomous molecular design: then and now},
  author={Dimitrov, Tanja and Kreisbeck, Christoph and Becker, Jill S and Aspuru-Guzik, Alan and Saikin, Semion K},
  journal={ACS applied materials \& interfaces},
  volume={11},
  number={28},
  pages={24825--24836},
  year={2019},
  publisher={ACS Publications}
}

@article{esch2015organs,
  title={Organs-on-chips at the frontiers of drug discovery},
  author={Esch, Eric W and Bahinski, Anthony and Huh, Dongeun},
  journal={Nature reviews Drug discovery},
  volume={14},
  number={4},
  pages={248--260},
  year={2015},
  publisher={Nature Publishing Group UK London}
}

@article{eglen2015drug,
  title={Drug discovery goes three-dimensional: goodbye to flat high-throughput screening?},
  author={Eglen, Richard M and Randle, David H},
  journal={Assay and drug development technologies},
  volume={13},
  number={5},
  pages={262--265},
  year={2015},
  publisher={Mary Ann Liebert, Inc. 140 Huguenot Street, 3rd Floor New Rochelle, NY 10801 USA}
}

@article{jones2017applications,
  title={Applications of chemogenomic library screening in drug discovery},
  author={Jones, Lyn H and Bunnage, Mark E},
  journal={Nature reviews Drug discovery},
  volume={16},
  number={4},
  pages={285--296},
  year={2017},
  publisher={Nature Publishing Group UK London}
}

@article{nettekoven2002accelerating,
  title={Accelerating drug discovery by integrative implementation of laboratory automation in the work flow},
  author={Nettekoven, Matthias and Thomas, Andrew W},
  journal={Current medicinal chemistry},
  volume={9},
  number={23},
  pages={2179--2190},
  year={2002},
  publisher={Bentham Science Publishers}
}

@article{trobe2018molecular,
  title={The molecular industrial revolution: automated synthesis of small molecules},
  author={Trobe, Melanie and Burke, Martin D},
  journal={Angewandte Chemie International Edition},
  volume={57},
  number={16},
  pages={4192--4214},
  year={2018},
  publisher={Wiley Online Library}
}

@article{vasudevan2017enabling,
  title={Enabling Chemistry Technologies and Parallel Synthesis—Accelerators of Drug Discovery Programmes},
  author={Vasudevan, A and Bogdan, AR and Koolman, HF and Wang, Y and Djuric, SW},
  journal={Progress in Medicinal Chemistry},
  volume={56},
  pages={1--35},
  year={2017},
  publisher={Elsevier}
}

@article{selekman2017high,
  title={High-throughput automation in chemical process development},
  author={Selekman, Joshua A and Qiu, Jun and Tran, Kristy and Stevens, Jason and Rosso, Victor and Simmons, Eric and Xiao, Yi and Janey, Jacob},
  journal={Annual review of chemical and biomolecular engineering},
  volume={8},
  pages={525--547},
  year={2017},
  publisher={Annual Reviews}
}

@article{king2009make,
  title={Make way for robot scientists},
  author={King, Ross D and Rowland, Jem and Oliver, Stephen G and Young, Michael and Aubrey, Wayne and Byrne, Emma and Liakata, Maria and Markham, Magdalena and Pir, Pinar and Soldatova, Larisa N and others},
  journal={Science},
  volume={325},
  number={5943},
  pages={945--945},
  year={2009},
  publisher={American Association for the Advancement of Science}
}

@article{d2012multi,
  title={Multi-parameter optimization: identifying high quality compounds with a balance of properties},
  author={D. Segall, Matthew},
  journal={Current pharmaceutical design},
  volume={18},
  number={9},
  pages={1292},
  year={2012}
}

@article{scott2018practical,
  title={Practical application of ligand efficiency metrics in lead optimisation},
  author={Scott, James S and Waring, Michael J},
  journal={Bioorganic \& Medicinal Chemistry},
  volume={26},
  number={11},
  pages={3006--3015},
  year={2018},
  publisher={Elsevier}
}

@article{griffen2011matched,
  title={Matched molecular pairs as a medicinal chemistry tool: miniperspective},
  author={Griffen, Ed and Leach, Andrew G and Robb, Graeme R and Warner, Daniel J},
  journal={Journal of medicinal chemistry},
  volume={54},
  number={22},
  pages={7739--7750},
  year={2011},
  publisher={ACS Publications}
}

@article{hessler2018artificial,
  title={Artificial intelligence in drug design},
  author={Hessler, Gerhard and Baringhaus, Karl-Heinz},
  journal={Molecules},
  volume={23},
  number={10},
  pages={2520},
  year={2018},
  publisher={MDPI}
}

@article{szymkuc2016computer,
  title={Computer-assisted synthetic planning: the end of the beginning},
  author={Szymku{\'c}, Sara and Gajewska, Ewa P and Klucznik, Tomasz and Molga, Karol and Dittwald, Piotr and Startek, Micha{\l} and Bajczyk, Micha{\l} and Grzybowski, Bartosz A},
  journal={Angewandte Chemie International Edition},
  volume={55},
  number={20},
  pages={5904--5937},
  year={2016},
  publisher={Wiley Online Library}
}

@article{segler2018planning,
  title={Planning chemical syntheses with deep neural networks and symbolic AI},
  author={Segler, Marwin HS and Preuss, Mike and Waller, Mark P},
  journal={Nature},
  volume={555},
  number={7698},
  pages={604--610},
  year={2018},
  publisher={Nature Publishing Group UK London}
}

@article{coley2018machine,
  title={Machine learning in computer-aided synthesis planning},
  author={Coley, Connor W and Green, William H and Jensen, Klavs F},
  journal={Accounts of chemical research},
  volume={51},
  number={5},
  pages={1281--1289},
  year={2018},
  publisher={ACS Publications}
}

@article{bedard2018reconfigurable,
  title={Reconfigurable system for automated optimization of diverse chemical reactions},
  author={B{\'e}dard, Anne-Catherine and Adamo, Andrea and Aroh, Kosi C and Russell, M Grace and Bedermann, Aaron A and Torosian, Jeremy and Yue, Brian and Jensen, Klavs F and Jamison, Timothy F},
  journal={Science},
  volume={361},
  number={6408},
  pages={1220--1225},
  year={2018},
  publisher={American Association for the Advancement of Science}
}

@inproceedings{rohall2018recommendations,
  title={Recommendations for chemists: a case study},
  author={Rohall, Steven L and Pancost-Heidebrecht, Margaret and Shirley, Bill and Bacon, Douglas and Tarselli, Michael A},
  booktitle={Proceedings of the 12th ACM Conference on Recommender Systems},
  pages={347--351},
  year={2018}
}

@article{kocer2022neural,
  title={Neural network potentials: A concise overview of methods},
  author={Kocer, Emir and Ko, Tsz Wai and Behler, J{\"o}rg},
  journal={Annual review of physical chemistry},
  volume={73},
  pages={163--186},
  year={2022},
  publisher={Annual Reviews}
}

@article{tripathy2016gaussian,
  title={Gaussian processes with built-in dimensionality reduction: Applications to high-dimensional uncertainty propagation},
  author={Tripathy, Rohit and Bilionis, Ilias and Gonzalez, Marcial},
  journal={Journal of Computational Physics},
  volume={321},
  pages={191--223},
  year={2016},
  publisher={Elsevier}
}

@article{szlachta2014accuracy,
  title={Accuracy and transferability of Gaussian approximation potential models for tungsten},
  author={Szlachta, Wojciech J and Bart{\'o}k, Albert P and Cs{\'a}nyi, G{\'a}bor},
  journal={Physical Review B},
  volume={90},
  number={10},
  pages={104108},
  year={2014},
  publisher={APS}
}

@article{deringer2017machine,
  title={Machine learning based interatomic potential for amorphous carbon},
  author={Deringer, Volker L and Cs{\'a}nyi, G{\'a}bor},
  journal={Physical Review B},
  volume={95},
  number={9},
  pages={094203},
  year={2017},
  publisher={APS}
}

@article{unruh2022gaussian,
  title={Gaussian approximation potential for amorphous Si: H},
  author={Unruh, Davis and Meidanshahi, Reza Vatan and Goodnick, Stephen M and Cs{\'a}nyi, G{\'a}bor and Zim{\'a}nyi, Gergely T},
  journal={Physical Review Materials},
  volume={6},
  number={6},
  pages={065603},
  year={2022},
  publisher={APS}
}

@article{deringer2020general,
  title={A general-purpose machine-learning force field for bulk and nanostructured phosphorus},
  author={Deringer, Volker L and Caro, Miguel A and Cs{\'a}nyi, G{\'a}bor},
  journal={Nature communications},
  volume={11},
  number={1},
  pages={5461},
  year={2020},
  publisher={Nature Publishing Group UK London}
}

@article{bartok2018machine,
  title={Machine learning a general-purpose interatomic potential for silicon},
  author={Bart{\'o}k, Albert P and Kermode, James and Bernstein, Noam and Cs{\'a}nyi, G{\'a}bor},
  journal={Physical Review X},
  volume={8},
  number={4},
  pages={041048},
  year={2018},
  publisher={APS}
}

@article{bernstein2019quantifying,
  title={Quantifying chemical structure and machine-learned atomic energies in amorphous and liquid silicon},
  author={Bernstein, Noam and Bhattarai, Bishal and Cs{\'a}nyi, G{\'a}bor and Drabold, David A and Elliott, Stephen R and Deringer, Volker L},
  journal={Angewandte Chemie},
  volume={131},
  number={21},
  pages={7131--7135},
  year={2019},
  publisher={Wiley Online Library}
}

@article{behler2007generalized,
  title={Generalized neural-network representation of high-dimensional potential-energy surfaces},
  author={Behler, J{\"o}rg and Parrinello, Michele},
  journal={Physical review letters},
  volume={98},
  number={14},
  pages={146401},
  year={2007},
  publisher={APS}
}

@article{baysal2017decision,
  title={Decision tree analysis of past publications on catalytic steam reforming to develop heuristics for high performance: A statistical review},
  author={Baysal, Meltem and G{\"u}nay, M Erdem and Y{\i}ld{\i}r{\i}m, Ramazan},
  journal={International Journal of Hydrogen Energy},
  volume={42},
  number={1},
  pages={243--254},
  year={2017},
  publisher={Elsevier}
}

@article{gunay2013knowledge,
  title={Knowledge extraction from catalysis of the past: a case of selective CO oxidation over noble metal catalysts between 2000 and 2012},
  author={G{\"u}nay, M Erdem and Yildirim, Ramazan},
  journal={ChemCatChem},
  volume={5},
  number={6},
  pages={1395--1406},
  year={2013},
  publisher={Wiley Online Library}
}

@article{gunay2011neural,
  title={Neural network analysis of selective CO oxidation over copper-based catalysts for knowledge extraction from published data in the literature},
  author={Gunay, M Erdem and Yildirim, Ramazan},
  journal={Industrial \& engineering chemistry research},
  volume={50},
  number={22},
  pages={12488--12500},
  year={2011},
  publisher={ACS Publications}
}

@article{omata2011screening,
  title={Screening of new additives of active-carbon-supported heteropoly acid catalyst for Friedel--Crafts reaction by gaussian process regression},
  author={Omata, Kohji},
  journal={Industrial \& engineering chemistry research},
  volume={50},
  number={19},
  pages={10948--10954},
  year={2011},
  publisher={ACS Publications}
}

@article{burger2020mobile,
  title={A mobile robotic chemist},
  author={Burger, Benjamin and Maffettone, Phillip M and Gusev, Vladimir V and Aitchison, Catherine M and Bai, Yang and Wang, Xiaoyan and Li, Xiaobo and Alston, Ben M and Li, Buyi and Clowes, Rob and others},
  journal={Nature},
  volume={583},
  number={7815},
  pages={237--241},
  year={2020},
  publisher={Nature Publishing Group UK London}
}

@article{rohrbach2022digitization,
  title={Digitization and validation of a chemical synthesis literature database in the ChemPU},
  author={Rohrbach, Simon and {\v{S}}iau{\v{c}}iulis, Mindaugas and Chisholm, Greig and Pirvan, Petrisor-Alin and Saleeb, Michael and Mehr, S Hessam M and Trushina, Ekaterina and Leonov, Artem I and Keenan, Graham and Khan, Aamir and others},
  journal={Science},
  volume={377},
  number={6602},
  pages={172--180},
  year={2022},
  publisher={American Association for the Advancement of Science}
}

@article{perera2018platform,
  title={A platform for automated nanomole-scale reaction screening and micromole-scale synthesis in flow},
  author={Perera, Damith and Tucker, Joseph W and Brahmbhatt, Shalini and Helal, Christopher J and Chong, Ashley and Farrell, William and Richardson, Paul and Sach, Neal W},
  journal={Science},
  volume={359},
  number={6374},
  pages={429--434},
  year={2018},
  publisher={American Association for the Advancement of Science}
}

@article{ulissi2017machine,
  title={Machine-learning methods enable exhaustive searches for active bimetallic facets and reveal active site motifs for CO2 reduction},
  author={Ulissi, Zachary W and Tang, Michael T and Xiao, Jianping and Liu, Xinyan and Torelli, Daniel A and Karamad, Mohammadreza and Cummins, Kyle and Hahn, Christopher and Lewis, Nathan S and Jaramillo, Thomas F and others},
  journal={Acs Catalysis},
  volume={7},
  number={10},
  pages={6600--6608},
  year={2017},
  publisher={ACS Publications}
}

@article{liu2017understanding,
  title={Understanding trends in electrochemical carbon dioxide reduction rates},
  author={Liu, Xinyan and Xiao, Jianping and Peng, Hongjie and Hong, Xin and Chan, Karen and N{\o}rskov, Jens K},
  journal={Nature communications},
  volume={8},
  number={1},
  pages={15438},
  year={2017},
  publisher={Nature Publishing Group UK London}
}

@article{gozalo2023chatgpt,
  title={ChatGPT is not all you need. A State of the Art Review of large Generative AI models},
  author={Gozalo-Brizuela, Roberto and Garrido-Merchan, Eduardo C},
  journal={arXiv preprint arXiv:2301.04655},
  year={2023}
}

@article{roose2022ai,
  title={An AI-generated picture won an art prize. Artists aren’t happy},
  author={Roose, Kevin},
  journal={The New York Times},
  volume={2},
  number={September},
  year={2022}
}

@article{borji2022generated,
  title={Generated faces in the wild: Quantitative comparison of stable diffusion, midjourney and dall-e 2},
  author={Borji, Ali},
  journal={arXiv preprint arXiv:2210.00586},
  year={2022}
}

@article{bzdok2017machine,
  title={Machine learning: a primer},
  author={Bzdok, Danilo and Krzywinski, Martin and Altman, Naomi},
  journal={Nature methods},
  volume={14},
  number={12},
  pages={1119},
  year={2017},
  publisher={NIH Public Access}
}

@misc{rusling1999linux,
  title={The linux kernel},
  author={Rusling, David A},
  year={1999}
}

@article{kernighan2002c,
  title={The C programming language},
  author={Kernighan, Brian W and Ritchie, Dennis M},
  year={2002},
  publisher={Pearson Education Asia}
}

@book{alpaydin2020introduction,
  title={Introduction to machine learning},
  author={Alpaydin, Ethem},
  year={2020},
  publisher={MIT press}
}

@misc{Singh_2020,
  title={SMILES/simplified molecular input line entry system/drawing structure in Chemistry/Shiv Bhadra Singh},
  url={https://www.youtube.com/watch?app=desktop&amp;v=130vKWUNhpQ},
  journal={YouTube},
  publisher={YouTube},
  author={Singh, Shiv Bhadra},
  year={2020},
  month={Nov}
}

@misc{Yuhaini_1970,
  title={Anyohasayo Yuhaini},
  url={https://yuhaini-vanillalovers.blogspot.com/2012/03/simplified-molecular-input-line-entry.html},
  journal={anyohasayo Yuhaini},
  author={Yuhaini,
  Anyohasayo},
  year={1970},
  month={Jan}
}

@misc{Imperius_2013,
  title={Smile always, it is smiles notation!!},
  url={https://imperius1234.blogspot.com/2013/11/smile-always-it-is-smiles-notation.html},
  journal={SMILE ALWAYS, IT IS SMILES NOTATION!!},
  author={Imperius},
  year={2013},
  month={Nov}
}

@misc{Pant_2019,
  title={Workflow of a machine learning project},
  url={https://towardsdatascience.com/workflow-of-a-machine-learning-project-ec1dba419b94?gi=3390a5f49b26},
  journal={Medium},
  publisher={Towards Data Science},
  author={Pant, Ayush},
  year={2019},
  month={Jan}
}

@misc{Calzone_2022,
  title={An intuitive explanation of LSTM},
  url={https://medium.com/@ottaviocalzone/an-intuitive-explanation-of-lstm-a035eb6ab42c},
  journal={Medium},
  publisher={Medium},
  author={Calzone, Ottavio},
  year={2022},
  month={Apr}
}

@misc{Basecamp_2023,
  title={Long short-term memory networks (LSTM)- simply explained!},
  url={https://databasecamp.de/en/ml/lstms},
  journal={Data Basecamp},
  author={Basecamp, Data},
  year={2023},
  month={May}
}

@article{zheng2019predicting,
  title={Predicting retrosynthetic reactions using self-corrected transformer neural networks},
  author={Zheng, Shuangjia and Rao, Jiahua and Zhang, Zhongyue and Xu, Jun and Yang, Yuedong},
  journal={Journal of chemical information and modeling},
  volume={60},
  number={1},
  pages={47--55},
  year={2019},
  publisher={ACS Publications}
}

@misc{Strateos_2022,
  title={Automating the DMTA cycle for small molecules},
  url={https://strateos.com/automated-dmta/},
  journal={strateos},
  author={Strateos},
  year={2022},
  month={Mar}
}

@article{wilson1999natural,
  title={The natural sciences},
  author={Wilson, EO},
  journal={Consilience: The unity of knowledge},
  pages={49--71},
  year={1999}
}

@book{heilbron2003oxford,
  title={The Oxford companion to the history of modern science},
  author={Heilbron, John L},
  year={2003},
  publisher={Oxford University Press}
}

@article{oxford_trust,
  title={Trust},
  DOI={10.1093/oed/5777528687},
  journal={Oxford English Dictionary},
  year={2023}
}

@book{dobrzycki1972reception,
  title={The Reception of Copernicus’ Heliocentric Theory},
  author={Dobrzycki, Jerzy},
  volume={1},
  year={1972},
  publisher={Springer Science \& Business Media}
}

@article{riggsby2005assessment,
  title={Assessment Strategies for Science: Grades 6-8},
  author={Riggsby, Dutchie},
  journal={Science Scope},
  volume={29},
  number={2},
  pages={86},
  year={2005},
  publisher={National Science Teachers Association}
}

@article{calaprice2005new,
  title={The new quotable Einstein},
  author={Calaprice, Alice},
  journal={The new quotable Einstein/collected and edited by Alice Calaprice; with a foreword by Freeman Dyson. Princeton},
  year={2005}
}

@book{popper2005logic,
  title={The logic of scientific discovery},
  author={Popper, Karl},
  year={2005},
  publisher={Routledge}
}

@book{oreskes2019trust,
  title={Why trust science?},
  author={Oreskes, Naomi},
  year={2019},
  publisher={Princeton University Press}
}
