@misc{Thompson_2023,
  title =        {How rust went from a side project to the world’s most-loved
                  programming language},
  url =
                  {https://www.technologyreview.com/2023/02/14/1067869/rust-worlds-fastest-growing-programming-language/},
  journal =      {MIT Technology Review},
  publisher =    {MIT Technology Review},
  author =       {Thompson, Clive},
  year =         2023,
  month =        {Feb}
}

@misc{Rossum_1991,
  url =
                  {https://www.tuhs.org/Usenet/alt.sources/1991-February/001749.html},
  journal =      {Python 0.9.1 part 01/21},
  author =       {Rossum, Guido van},
  year =         1991,
  month =        {Feb}
}

@misc{Binstock_2015,
  title =        {Oracle brandvoice: Java’s 20 years of innovation},
  url =
                  {https://www.forbes.com/sites/oracle/2015/05/20/javas-20-years-of-innovation/},
  journal =      {Forbes},
  publisher =    {Forbes Magazine},
  author =       {Binstock, Andrew},
  year =         2015,
  month =        {May}
}

@misc{Wikipedia_Rust,
  url =          {https://en.wikipedia.org/wiki/Rust_(programming_language)},
  journal =      {Wikipedia},
  author =       {Wikipedia},
  publisher =    {Wikimedia Foundation},
  year =         2024,
  month =        {Oct}
}

@misc{Kelley_2016,
  title =        {Introduction to the Zig programming language},
  url =          {https://andrewkelley.me/post/intro-to-zig.html},
  journal =      {Introduction to the Zig Programming Language - Andrew Kelley},
  author =       {Kelley, Andrew},
  year =         2016,
  month =        {Feb}
}

@misc{Wikipedia_Go,
  url =          {https://en.wikipedia.org/wiki/Go_(programming_language)},
  journal =      {Wikipedia},
  author =       {Wikipedia},
  publisher =    {Wikimedia Foundation},
  year =         2024,
  month =        {Oct}
}

@article{Ritchie_1993,
  title =        {The development of the C language},
  volume =       28,
  DOI =          {10.1145/155360.155580},
  number =       3,
  journal =      {ACM SIGPLAN Notices},
  author =       {Ritchie, Dennis M.},
  year =         1993,
  month =        {Mar},
  pages =        {201–208}
}

@misc{Wikipedia_Cpp,
  url =          {https://en.wikipedia.org/wiki/C%2B%2B},
  journal =      {Wikipedia},
  author =       {Wikipedia},
  publisher =    {Wikimedia Foundation},
  year =         2024,
  month =        {Oct}
}

@misc{Stone_2022,
  title =        {The more you know, the more you know you don’t know},
  url =
                  {https://googleprojectzero.blogspot.com/2022/04/the-more-you-know-more-you-know-you.html},
  journal =      {The More You Know, The More You Know You Don’t Know},
  author =       {Stone, Maddie},
  year =         2022,
  month =        {Apr}
}

@misc{Hosfelt_2019,
  title =        {Implications of rewriting a browser component in rust –
                  mozilla hacks - the web developer blog},
  url =
                  {https://hacks.mozilla.org/2019/02/rewriting-a-browser-component-in-rust/},
  journal =      {Mozilla Hacks – the Web developer blog},
  author =       {Hosfelt, Diane},
  year =         2019,
  month =        {Feb}
}

@misc{Chromium,
  url =
                  {https://www.chromium.org/Home/chromium-security/memory-safety/},
  journal =      {Memory safety},
  author =       {Chromium}
}

@misc{MSRC_2019,
  title =        {Microsoft},
  url =
                  {https://msrc.microsoft.com/blog/2019/07/a-proactive-approach-to-more-secure-code/},
  journal =      {MSRC Blog | Microsoft Security Response Center},
  author =       {MSRC},
  year =         2019,
  month =        {Jul}
}

@misc{News_2024,
  title =        {Critical exploit in MediaTek Wi-Fi chipsets: Zero-click
                  vulnerability (CVE-2024-20017) threatens routers and
                  smartphones},
  url =
                  {https://blog.sonicwall.com/en-us/2024/09/critical-exploit-in-mediatek-wi-fi-chipsets-zero-click-vulnerability-cve-2024-20017-threatens-routers-and-smartphones/},
  journal =      {SonicWall},
  publisher =    {Security News
                  https://blog.sonicwall.com/wp-content/uploads/images/logo/SonicWall_Registered-Small.png},
  author =       {News, Security},
  year =         2024,
  month =        {Sep}
}

@misc{Security_2024,
  title =        {4 exploits, 1 bug: Exploiting CVE-2024-20017 4 different ways},
  url =
                  {https://blog.coffinsec.com/0day/2024/08/30/exploiting-CVE-2024-20017-four-different-ways.html},
  journal =      {hyprblog},
  author =       {Security, Coffin},
  year =         2024,
  month =        {Aug}
}

@book{Sartre_Frechtman_2012,
  place =        {New York},
  title =        {What is literature?},
  publisher =    {Philosophical Library/Open Road},
  author =       {Sartre, Jean-Paul and Frechtman, Bernard},
  year =         2012
}

@misc{Migala_2018,
  title =        {What do you get from a banana? plus answers to 8 other
                  questions},
  url =
                  {https://www.everydayhealth.com/diet-nutrition/diet/what-you-get-from-banana-plus-answers-other-questions/},
  journal =      {EverydayHealth.com},
  author =       {Migala, Jessica},
  year =         2018,
  month =        {Mar}
}

@misc{the1ExuberantRaptor_2024,
  title =        {Rust programming language},
  url =
                  {https://www.codeitbro.in/programming-memes/rust-programming-language/},
  journal =      {Coding Memes},
  author =       {the1ExuberantRaptor},
  year =         2024,
  month =        {Aug}
}

@misc{Memer_2021,
  title =        {r/ProgrammerHumor on Reddit: Strongly-typed DEVS when they
                  first use Javascript},
  url =
                  {https://www.reddit.com/r/ProgrammerHumor/comments/qf5tnx/stronglytyped_devs_when_they_first_use_javascript/},
  journal =      {Reddit},
  author =       {Memer, Cosmic},
  year =         2021,
  month =        {Oct}
}

@misc{GkAm1_2021,
  title =        {r/ProgrammerHumor on Reddit: Now we are all "string"},
  url =
                  {https://www.reddit.com/r/ProgrammerHumor/comments/mk2wq7/now_we_are_all_string/},
  journal =      {Reddit},
  author =       {GkAm1},
  year =         2021,
  month =        {Apr}
}

@misc{Bayer_2017,
  title =        {r/ProgrammerHumor on Reddit: Strong typing},
  url =
                  {https://reddit.com/r/ProgrammerHumor/comments/6xfdzr/strong_typing/},
  journal =      {Reddit},
  author =       {Bayer, Casper},
  year =         2017,
  month =        {Sep}
}

@misc{Wilcke_2023,
  title =        {r/ProgrammerHumor on Reddit: Static vs dynamic typing by the
                  great kolja wilcke},
  url =
                  {https://www.reddit.com/r/ProgrammerHumor/comments/12q3lhb/static_vs_dynamic_typing_by_the_great_kolja_wilcke/},
  journal =      {Reddit},
  author =       {Wilcke, Kolja},
  year =         2023,
  month =        {Apr}
}

@misc{Vijay_2024,
  title =        {r/ProgrammerHumor on Reddit: whatIsADomainSpecificLanguage},
  url =
                  {https://redlib.nohost.network/r/ProgrammerHumor/comments/1e9sn0b/whatisadomainspecificlanguage},
  journal =      {Reddit},
  author =       {Vijay},
  year =         2024,
  month =        {Jul}
}

@misc{TheoXDM_2022,
  title =        {r/ProgrammerHumor on Reddit: Exception e},
  url =
                  {https://reddit.com/r/ProgrammerHumor/comments/zsuj9u/exception_e},
  journal =      {Reddit},
  author =       {TheoXDM},
  year =         2022,
  month =        {Dec}
}

@misc{fnabinash_2024,
  title =        {r/ProgrammerHumor on Reddit: rustIsBlazinglyFast },
  url =
                  {https://reddit.com/r/ProgrammerHumor/comments/1fp78tp/rustisblazinglyfast/},
  journal =      {Reddit},
  author =       {fnabinash},
  year =         2024,
  month =        {Sep}
}

@misc{Rocha_2018,
  title =        {Rochacbruno/rust_memes: The best memes and stickers about
                  #rust #rustlang - listed here for easy use on talks and share},
  url =          {https://github.com/rochacbruno/rust_memes},
  journal =      {GitHub},
  author =       {Rocha, Bruno},
  year =         2018,
  month =        {Jun}
}

@misc{GreekCSharpDeveloper_2021,
  title =        {r/rustjerk on Reddit: Rust programmers are clearly superior },
  url =
                  {https://reddit.com/r/rustjerk/comments/p38bxx/rust_programmers_are_clearly_superior},
  journal =      {Reddit},
  author =       {GreekCSharpDeveloper},
  year =         2021,
  month =        {Aug}
}

@misc{StBlaize_2024,
  title =        {r/ProgrammerHumor on Reddit: theException},
  url =
                  {https://reddit.com/r/ProgrammerHumor/comments/1egqw3x/theexception/},
  journal =      {Reddit},
  author =       {StBlaize},
  year =         2024,
  month =        {Jul}
}

@misc{Bit48_2021,
  title =        {r/ProgrammerHumor on Reddit: Why doesn’t C++ have a garbage
                  collector?},
  url =
                  {https://reddit.com/r/ProgrammerHumor/comments/qg9xtv/why_doesnt_c_have_a_garbage_collector/},
  journal =      {Reddit},
  author =       {Bit48},
  year =         2021,
  month =        {Oct}
}

@misc{BabuShonaMuhMeLoNa_2021,
  title =        {r/ProgrammerHumor on Reddit: Garbage Collector knows},
  url =
                  {https://reddit.com/r/ProgrammerHumor/comments/nkjm6i/garbage_collector_knows/},
  journal =      {Reddit},
  author =       {BabuShonaMuhMeLoNa},
  year =         2021,
  month =        {May}
}

@misc{ItsCaptainS_2022,
  title =        {r/ProgrammerHumor on Reddit: No garbage collector},
  url =
                  {https://reddit.com/r/ProgrammerHumor/comments/xyofcd/no_garbage_collector/},
  journal =      {Reddit},
  author =       {ItsCaptainS},
  year =         2022,
  month =        {Oct}
}

@misc{Skills_2022,
  title =        {Solidity The Weird Parts},
  url =          {https://www.youtube.com/watch?v=UX-4rAXFvWw},
  journal =      {YouTube},
  publisher =    {YouTube},
  author =       {Skills, Rare},
  year =         2022,
  month =        {Nov}
}

@misc{ChipNDipPlus_2024,
  title =        {r/rustjerk on Reddit: Gotta ask...},
  url =          {https://reddit.com/r/rustjerk/comments/1dtmif8/gotta_ask/},
  journal =      {Reddit},
  author =       {ChipNDipPlus},
  year =         2024,
  month =        {Jul}
}

@misc{OOLarge_2019,
  title =        {r/ProgrammerHumor on Reddit: I’ve been dealing with memory
                  leaks at work},
  url =
                  {https://reddit.com/r/ProgrammerHumor/comments/b9uh5z/ive_been_dealing_with_memory_leaks_at_work/},
  journal =      {Reddit},
  author =       {OOLarge},
  year =         2019,
  month =        {Apr}
}

@misc{TheONEO_2021,
  title =        {r/ProgrammerHumor on Reddit: Why do you say my program has a
                  memory leak?},
  url =
                  {https://reddit.com/r/ProgrammerHumor/comments/p3o441/why_do_you_say_my_program_has_a_memory_leak/},
  journal =      {Reddit},
  author =       {TheONEO},
  year =         2021,
  month =        {Aug}
}

@misc{Daniel_2023,
  title =        {Ownership and borrowing in rust - Data Engineering Gold Mine.},
  url =
                  {https://www.confessionsofadataguy.com/ownership-and-borrowing-in-rust-data-engineering-gold-mine/},
  journal =      {Confessions of a Data Guy},
  publisher =    {Daniel},
  author =       {Daniel},
  year =         2023,
  month =        {Feb}
}

@misc{Forgotten_Who_2020,
  title =        {r/ProgrammerHumor on Reddit: Garbage collection},
  url =
                  {https://reddit.com/r/ProgrammerHumor/comments/k74xk4/garbage_collection},
  journal =      {Reddit},
  author =       {Forgotten_Who},
  year =         2020,
  month =        {Dec}
}

@misc{valchap_2023,
  title =        {r/rustjerk on Reddit: The borrow checker in a nutshell},
  url =
                  {https://reddit.com/r/rustjerk/comments/17211ks/the_borrow_checker_in_a_nutshell/},
  journal =      {Reddit},
  author =       {valchap},
  year =         2023,
  month =        {Oct}
}

@misc{SirKastic23_2023,
  title =        {r/rustjerk on Reddit: Why???},
  url =          {https://reddit.com/r/rustjerk/comments/16mhgf6/why/},
  journal =      {Reddit},
  author =       {SirKastic23},
  year =         2023,
  month =        {Sep}
}

@misc{corianderL_2020,
  title =        {r/rustjerk on Reddit: Rust when you use unsafe},
  url =
                  {https://reddit.com/r/rustjerk/comments/ep5oti/rust_when_you_use_unsafe/},
  journal =      {Reddit},
  author =       {corianderL},
  year =         2020,
  month =        {Jan}
}

@misc{mottosson_2021,
  title =        {r/rustjerk on Reddit: It’s unsafe to go alone... },
  url =
                  {https://reddit.com/r/rustjerk/comments/q1fg7x/its_unsafe_to_go_alone/},
  journal =      {Reddit},
  author =       {mottosson},
  year =         2021,
  month =        {Oct}
}

@misc{LinearArray_2024,
  title =        {r/rustjerk: In rust we trust &lt;3},
  url =
                  {https://reddit.com/r/rustjerk/comments/1c3dnga/in_rust_we_trust_3},
  journal =      {Reddit},
  author =       {LinearArray},
  year =         2024,
  month =        {Apr}
}

@misc{ElyeProj_2022,
  title =        {r/ProgrammerHumor on Reddit: I hope some “languages” have more
                  compile-time errors},
  url =
                  {https://reddit.com/r/ProgrammerHumor/comments/vuq1h1/i_hope_some_languages_have_more_compiletime_errors/},
  journal =      {Reddit},
  author =       {ElyeProj},
  year =         2022,
  month =        {Jun}
}

@misc{freaker-07_2023,
  title =        {r/ProgrammerHumor on Reddit: Uh, oh...},
  url =          {https://reddit.com/r/ProgrammerHumor/comments/133kj2y/uh_oh/},
  journal =      {Reddit},
  author =       {freaker-07},
  year =         2023,
  month =        {Apr}
}

@misc{K4r4kara_2020,
  title =        {r/rustjerk on Reddit: Rust lifetimes make me want to end my
                  lifetime},
  url =
                  {https://reddit.com/r/rustjerk/comments/i8gys8/rust_lifetimes_make_me_want_to_end_my_lifetime/},
  journal =      {Reddit},
  author =       {K4r4kara},
  year =         2020,
  month =        {Aug}
}

@misc{richardanaya_2022,
  title =        {r/rustjerk on Reddit: Ferris subverted the true mascot of the
                  rust programming language. respect the fungus.},
  url =
                  {https://reddit.com/r/rustjerk/comments/w8ssrp/ferris_subverted_the_true_mascot_of_the_rust/},
  journal =      {Reddit},
  author =       {richardanaya},
  year =         2022,
  month =        {Jul}
}

@misc{navierstokes88_2023,
  title =        {r/ProgrammerHumor on Reddit: rust devs in a nutshell},
  url =
                  {https://reddit.com/r/ProgrammerHumor/comments/1129u2y/rust_devs_in_a_nutshell/},
  journal =      {Reddit},
  author =       {navierstokes88},
  year =         2023,
  month =        {Feb}
}

@misc{AlooBhujiyaLite_2023,
  title =        {r/ProgrammerHumor on Reddit: Security++},
  url =
                  {https://reddit.com/r/ProgrammerHumor/comments/13oapsk/security/},
  journal =      {Reddit},
  author =       {AlooBhujiyaLite},
  year =         2023,
  month =        {May}
}

@misc{ChipNDipPlus_2024a,
  title =        {r/rustjerk on Reddit: Can’t argue with that!},
  url =
                  {https://reddit.com/r/rustjerk/comments/1drxeai/cant_argue_with_that/},
  journal =      {Reddit},
  author =       {ChipNDipPlus},
  year =         2024,
  month =        {Jun}
}
